1548 2489
0 2111 76 2133 'leb‘-
97 2109 102 2117 ⁴

154 103 207 158 38
695 109 927 145 ANDRJA.
1198 112 1257 145 IV.
1275 113 1304 145 2.
1324 112 1418 144 22-3.
1437 120 1467 152 3.

152 223 239 256 CH.
271 218 336 256 Sat
363 218 501 257 habeo.
559 224 644 257 PA.
675 219 780 266 Quid
817 218 962 258 facies?
1001 219 1109 258 cedo.
1166 224 1254 258 DA.
1285 219 1379 257 Dies
1407 219 1468 257 hic

368 285 422 321 mi
449 291 490 322 ut
519 287 606 322 satis
636 285 682 323 sit
709 285 839 323 vereor
1391 288 1466 322 '705

150 349 215 388 Ad
254 349 472 401 agendum:
509 363 557 388 ne
586 362 750 389 vacuom
789 350 872 389 esse
914 363 975 389 me
1014 363 1117 389 nunc
1147 349 1196 388 ad
1234 350 1468 388 narrandum

365 415 521 455 eredas:

148 480 311 519 Proinde
340 481 429 519 hinc
458 494 525 520 vos
555 481 787 520 amolimini:
817 493 908 519 nam
938 482 991 519 mi
1020 482 1283 532 inpedimento
1312 480 1412 520 estis.

147 551 231 585 PA.
261 546 348 596 Ego
376 547 476 585 hanc
506 547 636 585 visam.
667 547 791 599 (Exit
817 548 890 584 into
923 545 1164 596 Glycerium's
1183 546 1320 597 house.)
1376 552 1464 585 DA.

362 611 468 659 Quid
505 613 572 650 tu?
624 625 700 662 quo
735 612 826 651 hine
863 619 898 650 te
930 613 1042 662 agis?
1102 617 1189 650 CH.
1229 611 1378 650 Verum
1411 612 1466 650 vis

363 678 516 716 dicam?
572 684 661 716 DA.
694 679 821 716 Immo
851 677 965 716 etiam
1427 694 1464 726 ²5

147 741 387 782 Narrationis
417 744 550 793 incipit
579 745 631 781 mi
661 745 820 782 initium.
880 750 966 782 CH.
998 744 1102 791 Quid
1131 757 1193 782 me
1222 744 1313 783 fiet?

145 815 234 848 DA.
263 809 350 848 Eho
379 816 420 847 tu
451 810 654 860 inpudens,
676 822 754 849 non
784 809 873 848 satis
904 810 1033 858 habes,
1055 812 1161 861 quod
1185 811 1253 848 tibi
1277 809 1465 848 dieculam

361 874 474 922 addo,
1387 878 1464 913 710

145 941 344 988 Quantum
384 941 474 980 huic
503 954 712 992 promoveo
750 941 930 992 nuptias?
1002 948 1088 981 CH.
1119 942 1238 989 Dave,
1268 940 1308 979 at
1335 948 1464 980 tamen

365 1030 468 1036 ——-
526 1015 614 1047 DA.
646 1008 751 1055 Quid
780 1008 900 1057 ergo?

149 1078 235 1113 CH.
266 1074 319 1112 Vt
350 1073 500 1114 ducam.
558 1080 646 1112 DA.
678 1074 908 1112 Ridiculum.
967 1079 1054 1113 CH.
1086 1072 1176 1112 Huc
1214 1073 1297 1112 face
1325 1072 1375 1111 ad
1402 1084 1464 1111 me

358 1148 400 1178 ut
427 1139 566 1186 venias,
597 1139 722 1190 siquid
751 1139 902 1189 poteris.

145 1210 233 1244 DA.
266 1205 372 1253 Quid
392 1205 572 1244 veniam?
593 1206 645 1243 nil
673 1205 810 1245 habeo.
869 1211 955 1243 CH.
977 1195 1028 1243 Ᾰῖ
1048 1211 1177 1244 tamen
1197 1203 1333 1256 siquid.
1372 1209 1462 1243 DA.

358 1272 454 1322 Age,
484 1272 645 1310 veniam.
703 1277 790 1310 CH.
823 1271 969 1322 Siquid,
1422 1286 1463 1317 30

141 1339 259 1378 Domi
286 1339 362 1377 ero.
395 1338 518 1390 (Exit
551 1343 593 1377 at
627 1338 715 1376 back
752 1338 801 1388 eff
822 1338 951 1389 stage.)
979 1343 1067 1376 DA.
1099 1338 1171 1384 Tu,
1203 1337 1335 1388 Mysis,
1369 1337 1464 1375 dum

357 1404 466 1451 exeo,
495 1403 701 1455 parumper
728 1417 790 1442 me
820 1405 995 1455 opperire
1025 1405 1097 1442 hic.

141 1476 240 1512 MY.
272 1471 545 1521 Quapropter?
601 1476 690 1509 DA.
722 1470 779 1508 Ita
817 1470 953 1508 factost
991 1482 1100 1520 opus.
1157 1475 1256 1508 MY.
1297 1467 1460 1508 Matura.

356 1542 445 1575 DA.
468 1537 553 1574 Iam
573 1537 732 1587 inquam
751 1537 812 1575 hic
832 1536 960 1575 adero.
983 1534 1106 1587 (Exit
1123 1537 1196 1574 z'nlo
1220 1535 1463 1586 Ggycerz'um's

356 1601 492 1656 house.)
1383 1604 1460 1641 715

704 1754 897 1761 ψ.-

737 1899 809 1940 SC.
843 1904 877 1938 3.

583 2006 765 2039 MYSIS.
822 2005 1016 2039 DAVOS.

140 2106 238 2139 ΜῩ.
270 2100 385 2139 Nilne
415 2099 496 2139 esse
526 2102 722 2158 prqfflum
751 2101 984 2151 quoiquam!
1016 2099 1054 2136 di
1083 2095 1249 2136 vostram
1279 2097 1420 2138 fidem:

140 2167 343 2205 Summum
373 2169 517 2205 bonum
548 2180 629 2205 esse
659 2166 745 2205 erae
774 2167 901 2217 putavi
929 2167 1031 2204 hunc
1060 2163 1315 2215 Pamphilum,

139 2233 332 2279 Amicum,
365 2233 587 2279 amatorem,
619 2234 740 2270 virum
765 2234 802 2271 in
834 2233 969 2282 quovis
998 2232 1084 2271 loco
