1548 2489
93 118 137 151 11.
156 120 185 152 5.
204 117 276 150 8-6.
293 117 323 152 6.
634 116 867 153 ANDRJA.
1354 122 1376 152 2
1382 124 1404 165 3

89 226 175 259 BY.
205 219 365 271 (Aside.)
396 220 510 259 Nunc
531 221 683 259 n6strae
706 222 822 260 timeo
842 220 949 271 piati,
970 221 1063 272 quid
1085 221 1146 259 hic
1167 220 1406 271 resp6ndeat.

89 291 173 324 PA.
204 286 341 337 Neque
369 288 454 324 istic
483 299 608 337 neque
635 287 724 324 alibi
750 288 818 324 tibi
846 288 914 325 erit
944 300 1106 338 usquam
1133 287 1171 324 in
1196 287 1258 324 me
1287 300 1406 326 mora.

302 357 389 391 BY.
420 351 562 403 (Aside,
588 351 781 403 alarmed.)
812 353 940 391 Hem?
1329 355 1406 390 420

87 422 176 455 DA.
216 415 385 470 (Aparl.)
425 417 639 456 Obmutuit.
694 423 781 456 BY.
821 417 981 469 (Aside.)
1015 417 1119 464 Quid
1167 417 1288 456 dixit?
1345 423 1406 455 SI.

302 483 410 522 Facis
439 490 479 521 ut
508 483 545 521 te
575 484 694 531 decet,
1370 499 1408 521 10

88 547 218 594 Quom
248 547 343 587 istfie
373 549 477 599 quod
505 550 658 600 postulo
687 550 837 599 inpetro
866 560 955 587 cum
983 548 1114 597 gratia.

87 618 175 652 DA.
206 613 377 666 (Apum.)
417 615 510 653 Sum
551 615 687 653 verus?
744 619 830 652 BY.
875 612 1038 664 (Aside.)
1083 626 1181 660 erus,
1221 620 1406 665 quantum

300 679 425 727 audio,
455 693 574 718 uxore
600 680 750 718 excidit.

85 749 148 783 SI.
177 745 196 782 I
225 744 405 784 nunciam
434 747 543 792 intro,
577 759 624 784 ne
654 747 694 783 in
723 758 842 791 mora,
873 758 993 796 quom
1023 746 1119 795 opus
1149 747 1210 792 sit,
1241 746 1325 783 sies.

85 816 169 849 PA.
200 810 271 849 E6.
324 810 447 864 (Exit
473 813 546 849 z'm‘o
577 810 712 850 Simo’s
739 810 874 861 house.)
931 816 1018 849 BY.
1048 811 1211 862 (Aside.)
1241 811 1408 848 Nullane

301 877 340 914 in
368 890 407 915 re
436 876 519 916 esse
545 877 754 927 quoiquam
783 877 931 929 homini
961 877 1097 914 fidem!
1329 880 1405 914 425

86 941 229 980 Verum
257 942 350 980 sslud
378 943 581 988 verbumst,
610 942 724 990 vdlgo
753 942 857 992 quod
886 942 961 979 dici
989 942 1093 988 solet,
1369 958 1404 989 15

86 1008 225 1047 Omnis
253 1008 325 1046 sibi
353 1008 465 1045 malle
494 1007 630 1062 melius
658 1019 742 1045 esse
770 1020 888 1058 quam
917 1007 1033 1046 alteri.

9 1061 22 1092 ἶ
49 1080 56 1089 ”
85 1073 171 1122 Ego
199 1073 303 1110 sslarn
331 1073 418 1119 vidi,
449 1073 635 1121 virginem
664 1072 786 1110 form&⁸
816 1074 918 1110 bona

87 1138 251 1176 Memini
278 1138 414 1184 videre,
444 1150 522 1187 quo
553 1137 710 1186 aequior
738 1150 823 1175 sum
852 1137 1065 1187 Pa'imphilo.

87 1202 344 1250 Remindabo,
364 1210 403 1241 ut
432 1215 502 1253 pro
531 1203 606 1241 h6e
636 1203 738 1240 malo
765 1203 857 1240 mihi
888 1203 950 1241 det
979 1204 1133 1242 malum.
1329 1210 1401 1244 431

981 1268 1104 1319 (Exit
1119 1268 1299 1323 Byrria.)

635 1402 851 1409 ---

676 1526 747 1566 SC.
781 1530 814 1565 6.

548 1632 693 1666 SIMO.
752 1631 948 1667 DAVOS.

85 1732 173 1765 DA.
204 1724 365 1778 (Aside.)
395 1726 473 1765 Hic
503 1726 605 1765 minc
635 1740 696 1765 me
728 1727 845 1766 credit
875 1727 1041 1776 aliquam
1071 1727 1140 1765 sibi
1170 1726 1358 1766 fallziciam

87 1792 242 1830 Porta'tre
271 1800 306 1830 et
335 1805 381 1830 ea
410 1805 471 1830 me
500 1792 560 1830 hie
588 1792 766 1830 restitisse
796 1792 926 1842 gratia.

85 1863 147 1896 SI.
176 1856 297 1907 (With
316 1858 694 1909 affectedpolz'leness.)
708 1858 813 1905 Quid
833 1858 962 1896 Dzivos
983 1859 1136 1896 narrat?
1157 1864 1244 1896 DA.
1271 1859 1405 1909 Aeque

303 1924 510 1974 quicquam
540 1923 642 1962 nune
670 1924 835 1974 quidem.

85 1993 147 2026 SI.
177 1988 318 2026 Nilne?
357 1988 469 2026 hem?
514 1994 602 2027 DA.
645 1989 708 2027 Nil
742 2001 908 2038 prorsus.
965 1994 1027 2026 SI.
1070 1980 1187 2039 Atqui
1225 1996 1402 2039 expecta-

300 2054 389 2092 bz'im
419 2056 584 2104 quidem.
1325 2060 1401 2093 435

85 2125 173 2158 DA.
204 2119 364 2171 (Aside.)
394 2120 548 2158 Praete-§r
577 2133 685 2170 spem
711 2121 856 2158 evenit:
887 2119 1032 2158 sentio:
1061 2120 1134 2159 hoc
1160 2121 1258 2159 male
1289 2121 1404 2158 habet

300 2197 432 2222 virum.
1382 2204 1400 2234 5

85 2256 147 2289 SI.
177 2250 288 2288 Potin
318 2250 358 2287 es
388 2250 479 2286 mihi
510 2262 639 2288 verum
670 2250 822 2288 dicere?
878 2256 965 2289 DA.
998 2250 1060 2288 Nil
1091 2250 1246 2290 facilius
