1548 2489
81 150 122 183 v.
142 152 170 183 1.
189 150 279 182 18-2.
297 156 326 194 ⁷·
623 146 855 183 ANDRJA.
1345 152 1398 194 45

81 245 157 296 Vbi
197 269 243 295 ea
283 269 411 304 causa,
442 268 558 307 quam
599 256 651 294 ὀὶ)
685 268 765 294 rem
800 255 895 294 haec
930 256 1085 302 faciunt,
1117 255 1184 294 erit
1222 256 1399 307 adempta

295 323 364 371 his,
391 323 581 362 desinent.

82 394 168 427 CH.
203 378 344 428 Erras:
384 401 472 428 cum
510 388 622 426 Davo
657 387 810 437 egomet
844 387 920 426 vidi
959 386 1174 437 itirgantem
1208 388 1396 427 ancillam.

298 460 360 494 SI.
391 451 654 506 (Scornfully.)
685 453 786 492 Scio.

80 525 167 558 CH.
197 519 302 558 Vero
331 520 445 566 voltu,
472 531 593 570 quom
621 519 674 557 ibi
703 531 765 556 me
794 518 927 556 adesse
957 516 1089 556 nefiter
1113 525 1194 556 tum
1222 518 1399 569 praesen-

297 591 407 624 serat.
1361 601 1400 623 20

79 655 142 689 SI.
172 650 310 697 Credo,
340 658 376 689 et
405 650 444 688 id
471 648 636 688 factt'lras
664 649 796 688 Davos
825 648 971 687 dfidum
999 649 1188 699 praedixit
1216 650 1333 688 mihi:

78 705 130 754 Et
158 717 289 754 nescio
319 716 384 766 qui
413 716 480 754 tibi
509 728 595 754 sum
623 716 765 754 oblitus
793 715 920 762 hodie,
941 727 985 754 ac
1015 715 1128 762 volui,
1150 715 1288 755 dicere.
1322 719 1395 755 841

672 946 745 985 SC.
776 949 812 986 2.

239 1058 434 1092 DAvos.
493 1057 770 1091 CHREMES.
830 1058 977 1092 SIMO.
1032 1059 1242 1093 DROMO.

77 1158 225 1211 (Davos
244 1172 355 1196 comes
374 1163 437 1196 out
453 1160 500 1209 (ff
515 1157 759 1209 Glycerz'um’s
778 1157 895 1204 house,
912 1163 974 1195 not
990 1160 1109 1208 seez'ng
1132 1158 1306 1197 Chremes
1325 1161 1405 1198 and

132 1224 246 1272 Simo,
267 1224 351 1262 who
378 1225 488 1262 draw
517 1224 615 1262 back.
674 1223 804 1261 Davos
831 1223 956 1273 speaks
985 1224 1144 1274 through
1174 1225 1230 1261 the
1257 1225 1344 1263 door
1366 1230 1400 1264 lo

135 1290 345 1341 Glycerium
374 1290 537 1340 within.)

81 1369 169 1402 DA.
200 1355 345 1401 Animo
364 1364 547 1401 nunciam
568 1364 694 1402 otioso
716 1377 801 1403 esse
824 1364 959 1415 inpero
1108 1370 1194 1404 CH.
1215 1364 1361 1415 (Apart
1375 1370 1408 1403 to

296 1427 430 1479 Simo.)
458 1427 533 1466 Em
561 1428 716 1467 Davom
747 1431 831 1467 tibi!

80 1498 141 1532 SI.
172 1492 344 1545 (Apart.)
377 1481 492 1531 Vnde
528 1494 747 1544 egreditur?
806 1500 894 1533 DA.
929 1495 1017 1533 me6
1057 1496 1248 1545 praesidio
1286 1504 1400 1548 atque

294 1559 467 1609 hospitis.
525 1565 587 1598 SI.
619 1559 791 1612 (Apart.)
821 1561 929 1608 Quid
955 1560 1049 1599 ilhid
1076 1563 1228 1601 malist?

78 1629 166 1663 DA.
197 1623 259 1676 (T
252 1626 392 1674 urnz'ng
419 1629 454 1662 to
485 1625 543 1663 llze
573 1624 775 1677 audz'ence.)
814 1615 902 1676 Ego
933 1628 1242 1666 commodiorem
1276 1628 1400 1667 homi-

294 1703 397 1739 nem,
427 1691 645 1739 adventum,
675 1691 838 1742 tempus,
867 1704 949 1730 non
979 1693 1065 1731 vidi.
1123 1699 1186 1732 SI.
1228 1693 1400 1746 (Apart.)

294 1756 439 1802 Scelus,

78 1821 206 1869 Quem
236 1834 326 1860 nam
355 1822 416 1861 hic
444 1823 603 1862 laudat?
659 1830 747 1862 DA.
779 1813 918 1862 Omnis
949 1836 1007 1863 res
1031 1831 1087 1862 est
1116 1825 1192 1862 iam
1223 1826 1262 1863 fn
1290 1826 1399 1866 vado.

294 1893 356 1927 SI,
387 1888 554 1940 (Apart.)
585 1889 706 1928 Cesso
735 1889 920 1940 §.dloqust
1320 1893 1397 1930 845

76 1959 164 1993 DA.
195 1952 398 2004 (Catclzz‘ng
424 1955 526 2004 szfglzt
547 1955 597 2005 of
614 1954 747 2006 Simo.)
781 1943 880 1992 Erus
908 1962 991 1993 est:
1033 1956 1125 2006 quid
1151 1958 1291 2007 agam?
1336 1964 1397 1997 SI.

291 2018 557 2071 (Sneeringly.)
586 2019 623 2059 O
653 2021 764 2068 scilve,
793 2022 895 2059 bone
925 2022 988 2059 vir.
1045 2027 1134 2061 DA.
1164 2022 1399 2074 (Corficsed.)

292 2074 417 2123 Ehem
447 2085 566 2132 Simo,
597 2085 633 2124 O
663 2085 791 2125 noster
820 2086 1017 2133 Chremes,
1378 2106 1396 2138 5

76 2140 220 2189 Omnia
249 2149 431 2200 adparfita
462 2151 539 2189 iam
568 2158 655 2189 sunt
684 2152 797 2190 intus.
855 2157 917 2190 SI.
948 2152 1100 2191 Curasti
1127 2155 1260 2204 probe.

76 2222 163 2256 DA.
196 2203 273 2254 Vbi
313 2216 426 2263 voles,
466 2216 627 2255 arcesse.
688 2222 748 2255 SI.
788 2216 895 2255 Bene
939 2229 1054 2257 sane:
1095 2219 1134 2257 sd
1169 2220 1272 2257 enirn
1307 2232 1394 2258 vero

291 2281 379 2320 hinc
408 2280 510 2320 mine
540 2283 656 2320 abest.
