1548 2489
112 111 164 140 10
654 103 889 139 ANDRJA.
1212 105 1241 138 1.
1259 106 1291 139 2.
1311 106 1428 145 16-33.

109 218 172 252 SI.
202 212 357 251 Hocine
387 212 469 262 agis
497 224 547 250 an
575 212 682 249 non?
749 217 839 249 DA.
868 200 955 261 Ego
978 223 1070 249 vero
1099 211 1209 250 istuc.
1255 216 1318 249 SI.
1356 208 1432 262 (To

322 276 500 329 himsegfi)
529 276 604 315 Sed
634 290 737 315 nunc
765 289 812 315 ea
840 289 902 314 me
931 277 1144 326 exquirere,
1394 291 1430 323 15

109 343 236 393 Iniqui
254 343 374 393 patris
395 350 476 381 est:
510 342 601 380 nem
617 342 724 392 quod
744 342 908 380 antehac
929 341 1030 388 fecit,
1050 342 1104 379 nil
1124 341 1175 379 ad
1194 353 1257 379 me
1283 340 1429 379 fittinet.

40 418 44 422 ’
73 422 79 436 s
107 409 214 446 Dum
247 409 402 459 tempus
437 408 487 446 ad
520 420 607 446 eam
640 407 722 446 rem
756 407 851 454 tulit,
882 408 951 446 sivi
984 407 1157 446 {nimum
1186 413 1228 444 ut
1261 405 1432 457 expleret

326 486 459 513 suom:

109 540 226 579 Nunc
254 540 317 578 hic
343 540 425 578 dies
452 539 566 578 aliem
595 540 711 578 vitam
741 539 873 586 adfert,
894 539 991 577 elios
1019 551 1150 576 mores
1179 537 1356 587 postulat.

110 606 172 657 (T
165 607 308 656 urnz‘ng
349 610 384 643 lo
424 605 557 643 Davos
594 605 674 642 and
714 604 891 654 speaking
937 602 1223 653 sarcastz'cally.)
1281 601 1433 640 Dehinc

323 671 495 722 postulo)
517 671 595 708 sive
635 669 839 720 aequomst
879 677 916 708 te
956 681 1039 716 oro,
1072 668 1193 716 Deve,
1226 674 1267 706 ut
1304 667 1434 705 redeat

324 738 403 775 iam
432 738 472 774 in
500 737 613 774 viam.
1358 735 1433 770 190

110 809 199 842 DA.
230 802 322 841 Hoc
352 802 445 852 quid
473 802 544 840 sit?
603 807 664 841 SI.
705 801 866 849 Omnes,
897 789 962 852 qui
996 807 1140 848 amant,
1170 799 1333 851 graviter
1362 798 1434 836 sibi

326 869 408 907 dari
436 867 599 906 uxorem
625 867 761 906 ferunt.
1356 893 1360 898 .
1395 879 1435 902 20

111 941 200 974 DA.
233 933 488 986 (Carelessgy.)
528 934 587 971 Ita
625 933 742 973 eiunt.
799 939 861 972 SI.
892 932 998 970 Tum
1041 932 1161 983 siquis
1208 931 1434 981 magistrum

327 1000 429 1051 cepit
457 1000 507 1038 ad
536 1012 622 1038 eam
651 1012 731 1037 rem
760 999 977 1048 inprobum,

112 1068 246 1117 Ipsum
275 1066 449 1105 §.nimum
475 1072 672 1115 aegrotum
698 1065 747 1102 ad
774 1064 1002 1102 deteriorem
1032 1062 1180 1113 pertem
1208 1062 1434 1113 plerumque

328 1131 507 1182 edplicat.

111 1204 199 1236 DA.
230 1198 322 1237 Non
351 1196 477 1235 hercle
504 1196 697 1246 intellege.
751 1201 812 1234 SI.
841 1194 960 1233 Non?
987 1195 1101 1233 hem?
1145 1200 1235 1233 DA.
1258 1192 1434 1246 (Sarcas-

325 1261 480 1313 lz'cally.)
508 1261 623 1300 Non:
652 1260 785 1299 Dkivos
815 1273 913 1305 sum,
944 1273 1023 1299 non
1051 1259 1236 1309 Oedipus.

112 1337 174 1370 SI.
204 1330 357 1380 Nempe
386 1329 478 1379 ergo
512 1335 641 1379 aperte
670 1329 727 1366 vis
757 1340 856 1378 quae
889 1333 1032 1365 restant
1065 1326 1127 1364 me
1156 1326 1288 1376 loqui?
1345 1331 1435 1363 DA.

327 1395 427 1434 Sane
457 1394 623 1444 quidem.
1360 1393 1434 1428 195

112 1469 174 1501 SI.
206 1463 246 1501 Si
275 1460 432 1499 sensero
460 1460 573 1498 hodie
603 1460 812 1510 quicquam
842 1460 882 1497 in
911 1459 970 1497 his
999 1465 1036 1497 te
1064 1456 1207 1508 nuptiis
1397 1470 1435 1502 25

110 1528 298 1566 Fallaciae
327 1526 469 1573 coneri,
500 1539 576 1576 quo
605 1525 697 1563 fient
727 1525 865 1572 minus,

111 1596 189 1633 Aut
216 1594 312 1632 velle
339 1594 379 1631 in
407 1606 453 1631 ea.
481 1605 521 1630 re
550 1592 712 1638 ostendi,
741 1605 859 1641 quam
888 1592 939 1629 sis
967 1590 1145 1629 cellidus:

112 1660 346 1699 Verberibus
375 1671 530 1697 caesum
557 1666 593 1697 te
622 1659 663 1695 in
691 1657 904 1707 pistrinum,
928 1657 1049 1703 Deve,
1073 1656 1214 1694 dedam
1242 1667 1363 1704 usque
1386 1652 1436 1691 ed

328 1738 476 1770 necem,

114 1793 172 1831 Ea
200 1791 284 1842 lege
315 1798 427 1841 atque
456 1790 598 1836 omine,
628 1787 680 1836 xit,
711 1789 742 1826 si
771 1796 806 1827 te
836 1788 925 1827 inde
954 1787 1175 1833 exemerim,
1201 1798 1274 1835 ego
1302 1797 1374 1835 pro
1400 1784 1437 1823 te

330 1857 486 1895 molam.
1360 1854 1437 1888 200

115 1925 230 1972 Quid,
259 1924 334 1962 hoc
364 1922 602 1969 intellextin?
632 1920 682 1959 εἴη
713 1920 888 1960 nondum
921 1920 1037 1958 etiam
1071 1931 1119 1956 ne
1153 1917 1228 1955 hec
1256 1916 1438 1966 quidem?

330 1993 421 2028 DA.
446 1989 574 2026 Immo
604 1987 763 2025 crillide:
1396 1997 1439 2029 30

114 2058 173 2095 Ita
200 2056 328 2106 aperte
352 2057 475 2105 ipsam
499 2067 581 2091 rem
607 2053 726 2091 modo
753 2053 916 2098 locutus,
938 2051 992 2088 nil
1018 2050 1241 2089 circuitione
1269 2046 1361 2086 usus
1384 2061 1436 2086 es.

116 2129 177 2161 SI.
206 2120 508 2172 <Passi0nalely.)
538 2120 673 2157 Vbivl's
702 2119 846 2157 facilius
880 2117 1015 2167 pessus
1044 2117 1115 2154 sim
1153 2127 1271 2164 quam
1299 2115 1337 2152 in
1366 2113 1437 2152 haic

331 2201 372 2225 re
400 2199 463 2224 me
491 2170 676 2237 deludi-cg.

117 2262 205 2294 DA.
235 2254 471 2305 (Derz'sivehs,
497 2252 716 2301 pretendz'ng
744 2256 777 2288 lo
808 2251 846 2288 be
873 2249 1024 2288 slzocked
1048 2254 1089 2286 al
1119 2249 1175 2285 the
1202 2249 1276 2285 last
1306 2243 1438 2295 word.)
