1548 2489
0 896 38 930 Ilo

81 140 125 173 11.
143 141 172 172 3.
190 148 304 182 10-29.
623 136 856 172 ANDRJA.
1343 142 1391 173 21

78 252 163 286 PA.
193 247 306 297 Egbn
328 247 482 286 dicam?
510 252 602 284 DA.
631 245 740 292 Quor
761 247 866 283 non?
897 250 980 283 PA.
1003 243 1227 295 Numquam
1247 245 1397 283 faciam.

293 318 382 351 DA.
412 312 474 350 Νέ
503 323 615 361 nega.
1358 327 1397 348 10

77 383 162 416 PA.
182 365 363 417 'Suadere
392 378 481 417 noli.
528 382 619 415 DA.
647 377 708 414 Ex
739 375 784 414 ed
813 389 851 414 re
882 376 973 427 quid
1004 375 1080 422 fiat,
1111 375 1207 414 vide.
1319 378 1396 414 385

77 449 163 482 PA.
192 443 245 482 Vt
265 445 313 482 ab
333 444 397 482 ssla
423 443 606 481 excludar
626 443 831 494 (pointing
851 446 884 478 lo
906 440 1147 491 Glycerz'um’s
1166 439 1300 493 house),
1321 440 1397 478 huc

294 509 514 547 concludar.
536 506 741 559 (Poz'nlz'ng
761 509 800 544 z'n
820 508 876 544 llze
896 508 1047 556 opposite
1066 504 1268 559 dz'rectz'on.)
1307 511 1396 543 DA.

294 574 387 612 N6n
415 574 514 613 itast.

77 639 228 690 Nempe
256 640 333 678 hec
361 639 415 678 sic
444 651 527 677 esse
556 639 717 688 opinor:
749 636 940 677 dicturum
969 644 1115 687 patrem

77 705 232 744 ‘Duces
259 705 348 743 volo
376 705 493 743 hodie
520 703 726 742 uxerem’:
755 710 796 741 tu
825 703 1009 741 ‘ducam'
1040 703 1216 753 inquies:

77 771 187 810 Cedo
215 771 308 821 quid
337 771 501 820 iurgabit
527 769 681 808 tecum?
712 769 774 806 hie
804 769 940 807 reddes
969 769 1111 816 emnia,
1357 784 1394 816 15

77 837 189 884 Quae
218 835 322 874 minc
351 843 439 874 sunt
468 842 571 873 certa
599 835 634 872 ei
662 835 833 881 censilia,
863 835 1005 872 incerta
1034 833 1075 872 iit
1103 835 1212 881 sient,
1318 838 1394 872 390

77 902 168 940 Sine
195 902 304 952 &Qu-i
332 901 498 952 periclo:
526 913 617 939 nam
637 900 712 938 hec
732 900 837 937 haud
863 900 1069 946 dubiumst,
1090 901 1183 950 quin
1211 899 1396 938 Chremes

76 968 169 1006 Tibi
198 967 278 1005 n6n
308 967 371 1005 det
398 973 567 1016 gnatam.
623 965 695 1003 nec
724 972 765 1003 tu
794 978 839 1002 ea
868 977 984 1003 causa
1012 966 1195 1003 minueris

77 1033 189 1071 Haec
218 1032 318 1082 quae
349 1031 452 1076 facis,
484 1044 532 1069 ne
561 1031 592 1068 is
622 1029 742 1069 mutet
771 1043 880 1069 suam
910 1030 1152 1069 sententiam.

74 1098 178 1136 Patri
196 1098 257 1136 dic
276 1097 397 1135 velle:
425 1103 477 1143 ut,
505 1096 624 1146 quem
648 1097 746 1142 velit,
773 1096 841 1133 tibi
869 1094 948 1134 itire
968 1096 1079 1134 irasci
1105 1097 1185 1134 n6n
1206 1103 1331 1147 queat.
1354 1113 1395 1135 20

75 1163 178 1202 Nam
207 1161 314 1234 (ψὲᾶ
340 1168 382 1199 tu
412 1174 550 1211 spereS,
584 1161 841 1211 ‘prepulsabo
870 1161 980 1199 fecile
1009 1174 1167 1199 uxorem
1194 1162 1251 1199 his
1279 1162 1394 1200 meri-

290 1229 383 1266 bus:
1316 1231 1393 1266 395

73 1293 191 1332 Dabit
220 1292 376 1331 nemo':
418 1292 584 1330 inveniet
615 1293 773 1342 inopem
805 1293 944 1342 potius,
975 1292 1091 1342 quam
1125 1300 1161 1331 te
1200 1294 1394 1344 corrumpi

289 1359 398 1396 sinat.

75 1425 152 1463 Sed
181 1425 215 1462 si
242 1430 279 1462 te
307 1436 431 1474 aequo
460 1424 589 1462 animo
620 1423 713 1462 ferre
742 1424 913 1474 accipiet,
939 1424 1206 1475 neglegentem
1236 1425 1390 1464 feceris:

73 1491 201 1528 Aliam
230 1490 377 1528 6ti0sus
407 1489 582 1540 quaeret:
614 1490 755 1527 interea
784 1490 927 1539 aliquid
956 1491 1134 1529 acciderit
1162 1492 1266 1530 boni.

73 1561 159 1594 PA.
195 1555 280 1594 Itan
318 1555 466 1593 credis?
506 1560 594 1593 DA.
629 1555 746 1592 Haud
779 1555 938 1592 dubium
976 1556 1016 1593 id
1046 1556 1248 1606 quidemst.
1305 1562 1390 1595 PA.

286 1620 386 1659 Vide
414 1620 493 1670 que
521 1633 583 1658 me
612 1621 783 1658 inducas,
840 1626 929 1658 DA.
959 1620 1065 1666 Quin
1095 1628 1211 1660 taces.
1353 1640 1390 1670 25

7 1679 9 1688 ’
73 1692 159 1725 PA.
188 1685 337 1726 Dicam.
387 1698 549 1736 puerum
579 1692 707 1723 autem
747 1685 796 1722 ne
841 1686 1018 1723 resciscat
1048 1687 1100 1723 mi
1131 1687 1215 1725 esse
1252 1700 1299 1725 ex
1328 1688 1392 1726 illa

288 1750 472 1790 cautiost:
1313 1757 1391 1791 400

73 1817 177 1856 Nam
206 1818 396 1868 pellicitus
431 1830 516 1855 sum
547 1816 825 1867 suscepturum.
883 1823 971 1855 DA.
1004 1817 1040 1856 O
1068 1819 1216 1857 facinus
1244 1818 1387 1857 audax!

290 1889 375 1922 PA.
406 1883 522 1921 Hanc
540 1884 667 1946 fidem

75 1948 154 1986 Sibi
177 1961 241 1986 me
266 1948 489 1995 ebsecravit,
510 1950 578 1997 qui
604 1961 644 1986 se
669 1949 780 1986 sciret
807 1949 886 1986 n6n
918 1949 1167 1996 deserturum,
1187 1949 1227 1987 fit
1247 1950 1390 1990 darem.

71 2022 159 2054 DA.
202 2015 414 2054 Curabitur.
471 2014 538 2052 sed
580 2013 687 2064 pater
731 2014 850 2052 adest.
910 2018 1000 2052 cave
1045 2023 1081 2053 te
1122 2016 1206 2054 esse
1250 2018 1395 2055 tristem

287 2080 433 2118 sentiat.
