1548 2489
145 103 198 154 48
686 108 919 145 ANDRIA.
1239 111 1280 146 V.
1298 113 1329 144 3.
1348 121 1463 154 11-32.

146 225 230 258 PA.
270 218 336 257 Me
374 217 579 256 miserum!
637 223 697 256 SI.
739 216 1029 271 (fisournsully.)
1073 216 1189 265 Hem,
1228 219 1397 258 modone
1430 218 1467 257 id

361 283 516 322 demum
550 284 679 330 sensti,
710 282 938 333 Pzimphile?

146 351 251 391 Olim
278 351 384 397 istuc,
413 350 516 398 oblim,
547 361 666 399 quom
695 349 747 387 ita
775 349 946 386 animum
976 349 1127 387 induxti
1154 355 1275 397 tuom,

147 417 265 465 Quod
292 415 452 466 cuperes
481 415 610 466 aliquo
640 414 753 466 picto
783 413 1029 453 efficiundlim
1059 415 1151 453 tibi:

145 482 296 521 Eodem
325 482 386 520 die
415 483 511 520 istuc
539 481 698 520 verbum
727 493 813 518 vere
842 481 882 518 in
911 488 948 518 te
977 480 1125 519 §ccidit
1391 484 1468 520 885

146 546 352 600 (Bz'llerly.)
393 547 469 586 Sed
503 547 595 598 quid
625 548 727 597 ego?
770 559 867 596 quor
908 558 972 584 me
1010 545 1220 586 excrucio?
1271 559 1369 598 quor
1407 559 1470 585 me

359 611 543 650 maCcero?
1431 626 1469 659 15

146 679 257 727 Quor
285 677 412 717 meaim
442 683 679 716 senectutem
708 676 822 715 husus
851 677 1011 716 sollicito
1035 676 1229 715 amentia?

145 745 209 782 An
237 745 278 783 fit
306 757 376 795 pro
404 744 516 782 huius
545 744 713 793 peccatis
742 743 816 793 ego
846 743 1075 793 supplicium
1105 742 1312 782 sufferam?

146 810 274 849 Immo
303 810 453 857 hdbeat‚
483 809 615 855 valeat,
645 809 744 846 vivat
773 821 862 847 cum
892 809 963 847 illa.
1023 814 1108 847 PA.
1140 808 1201 847 Mi
1229 816 1349 860 pater.

147 883 208 916 SI.
239 876 344 924 Quid
374 877 451 914 ‘mi
477 874 636 926 pater’?
669 875 779 926 quasi
807 882 848 913 tu
876 873 989 913 huius
1017 874 1192 925 indigefis
1221 875 1358 924 patris!
1394 877 1471 913 890

148 942 311 989 Domus,
341 941 449 988 uxor,
480 941 583 979 liberi
613 941 757 978 inventi
787 940 903 978 invit6
933 948 1051 990 patre.
1432 956 1473 979 20

146 1007 314 1047 Adducti
343 1008 408 1058 qui
437 1007 540 1044 illam
571 1007 697 1044 civem
725 1006 815 1044 hinc
846 1006 999 1044 dicant:
1031 1006 1175 1044 viceris.

150 1080 236 1113 PA.
266 1073 389 1119 Pater,
418 1073 557 1111 licetne
586 1070 735 1122 pauca?
790 1077 850 1109 SI.
883 1071 989 1118 Quid
1017 1071 1122 1110 dices
1150 1073 1270 1111 mihi?

149 1146 237 1179 CH.
268 1138 433 1184 Tamen,
460 1137 577 1183 Simo,
607 1137 706 1175 audi.
765 1142 825 1175 SI.
856 1137 943 1186 Ego
974 1136 1158 1176 audiam?
1187 1138 1280 1187 quid
1308 1136 1473 1183 audiam,

148 1204 358 1244 Chremes?
403 1209 490 1242 CH.
521 1203 572 1240 At
600 1203 756 1240 tandem
786 1203 898 1242 dicat.
948 1207 1011 1241 SI.
1040 1201 1232 1253 (Vieldz'ng
1249 1204 1342 1241 with
1361 1216 1386 1241 a
1405 1204 1479 1241 bad

354 1268 498 1320 grace.)
552 1268 650 1317 Age,
680 1267 781 1306 dicat
810 1269 907 1306 sino.
1396 1271 1473 1307 895

147 1344 231 1376 PA.
261 1325 348 1386 Ego
376 1348 438 1373 me
467 1346 596 1372 amare
626 1334 725 1371 hanc
755 1333 899 1372 saiteor:
929 1334 959 1371 si
989 1333 1028 1371 id
1057 1333 1264 1383 pecez'zrest,
1285 1334 1407 1373 fateor
1434 1335 1476 1373 id

362 1413 528 1452 quoque.
1436 1417 1475 1450 25

150 1469 252 1516 Tibi,
282 1473 399 1518 pater,
420 1479 483 1504 me
512 1465 625 1504 dedo.
671 1465 819 1515 quidvis
848 1465 975 1503 (meris
1004 1466 1156 1515 inpone,
1186 1466 1330 1515 inpera.

148 1535 220 1573 Vis
248 1547 311 1572 me
339 1545 500 1572 uxorem
525 1530 690 1570 ducere?
718 1531 818 1569 hanc
838 1532 894 1568 vis
914 1531 1090 1569 mittere?
1119 1538 1161 1569 ut
1180 1532 1326 1582 poter6‚
1345 1532 1476 1571 feram.

149 1601 241 1640 H6c
269 1599 387 1638 modo
416 1606 453 1636 te
482 1599 658 1644 obsecro,
685 1596 726 1635 fit
753 1610 801 1635 ne
828 1596 959 1635 credas
988 1596 1011 1634 ai.
1039 1609 1102 1634 me
1125 1596 1348 1647 adlegatum
1374 1598 1477 1637 hune

363 1675 516 1702 senem:

152 1733 242 1771 Sine
270 1744 333 1770 me
357 1741 569 1780 expurgem
598 1735 712 1778 atque
742 1729 848 1766 illum
880 1729 955 1766 huc
987 1740 1118 1767 coram
1152 1728 1355 1769 adducam.
1413 1736 1477 1770 SI.

366 1796 575 1834 Addueas?
615 1800 700 1832 PA.
733 1794 834 1841 Sine,
864 1801 982 1844 pater.
1400 1799 1478 1836 900

153 1870 241 1903 CH.
272 1863 450 1913 Aequom
479 1860 667 1911 postuleit:
698 1860 747 1897 da
776 1860 937 1898 veniam.
982 1865 1067 1899 PA.
1099 1860 1189 1899 Sine
1218 1868 1254 1899 te
1283 1861 1358 1900 hoc
1385 1875 1478 1901 exo-

367 1927 460 1965 rem.
519 1931 582 1964 SI.
606 1925 710 1963 Sino.
755 1924 877 1975 (Exit
894 1926 1121 1975 Pamphilus
1141 1929 1216 1965 into
1239 1925 1481 1977 Glycerium’s

367 1991 503 2043 house.)
557 2005 561 2009 ·
1410 2010 1482 2041 -30

154 2060 317 2107 Qusdvis
337 2059 462 2108 cupio,
485 2056 577 2095 dum
601 2070 651 2095 ne
676 2058 724 2094 ab
749 2056 823 2095 hoc
846 2068 909 2094 me
936 2056 1014 2095 falli
1032 2058 1259 2108 comperiar,
1282 2058 1479 2100 Chremes,

156 2131 244 2165 CH.
275 2124 350 2162 Pr6
379 2129 540 2174 peccato
569 2121 714 2170 magno
743 2121 901 2171 paulum
931 2120 1093 2172 supplici
1123 2123 1213 2161 satis
1241 2122 1297 2162 est
1326 2125 1433 2174 patri.
