1548 2489
144 84 199 120 40
688 78 920 115 ANDRIA.
1250 82 1310 116 IV.
1329 82 1465 115 4.1-18.

735 262 807 300 SC.
840 266 874 299 4.

429 354 704 388 CHREMES.
762 354 944 388 MYSIS.
1000 356 1195 390 DAVOS.

149 455 236 488 CH.
267 449 466 496 Revortor‚
498 457 703 501 postquam
733 462 831 500 quae
859 450 957 500 6pfis
986 450 1089 489 fuere
1118 451 1167 489 ad
1196 449 1347 501 miptias
1389 453 1465 490 740

146 515 297 554 Gnatae
331 516 471 566 paravi,
503 523 545 553 ut
583 514 735 554 ilibeam
774 516 924 554 arcessi.
967 514 1115 568 (Seeing
1151 516 1208 554 the
1240 515 1358 567 baby.)
1398 514 1466 554 sed

365 581 456 631 quid
484 582 587 620 hoc?

145 647 243 685 Puer
272 645 443 686 herclest.
500 647 647 692 mulier,
677 652 717 684 tu
746 645 957 696 adposuisti
987 647 1117 686 hunc?
1173 651 1273 686 MY.
1303 645 1465 699 (Aside.)

362 700 439 751 <rbi
466 713 542 751 mic
572 713 654 751 est?

146 784 233 818 GH.
263 778 355 818 Non
384 779 476 817 mihi
506 777 742 828 respondes?
798 770 899 817 ΜῩ.
944 777 1104 830 (Aside.)
1149 778 1354 830 Ndsquam
1395 785 1463 818 est.

360 858 429 883 vae
458 843 619 882 miserae
650 843 763 881 mihi!

144 911 314 961 Reliquit
343 913 405 949 me
436 910 555 948 homo
585 916 700 960 atque
730 908 833 947 abiit.
890 915 978 948 DA.
1008 909 1214 961 (Enlerz'ng
1245 909 1463 961 hurriedly.)

359 976 411 1014 Di
440 974 608 1014 vostrz'rm
637 974 765 1021 fidem,
1444 991 1462 1024 5

144 1042 251 1089 Quid
272 1041 441 1080 trirbaest
461 1040 564 1091 apfid
586 1038 739 1078 sonim?
769 1040 859 1089 quid
879 1041 930 1078 nli
949 1041 1150 1080 hominum
1173 1042 1349 1094 litigant?
1385 1044 1461 1080 745

143 1108 249 1145 Tum
280 1108 435 1146 annona
464 1113 599 1145 carast.
657 1104 818 1157 (Aside.)
847 1107 942 1156 quid
970 1107 1097 1146 dicam
1126 1108 1239 1154 aliud,
1269 1107 1413 1146 nescio.

141 1178 241 1212 MY.
285 1173 395 1222 Quor
437 1180 478 1211 tu
521 1172 683 1210 obsecro
726 1171 788 1210 hic
828 1184 890 1210 me
931 1173 1081 1212 solam?
1155 1179 1244 1212 DA.
1288 1173 1461 1225 (Loudly,

340 1240 527 1290 setgm'ng
563 1237 730 1287 surprise
767 1242 809 1275 al
849 1238 951 1288 szgrht
988 1240 1037 1288 <ff
1067 1239 1123 1277 she
1160 1239 1277 1290 ὂαργ.)
1344 1239 1462 1282 Hem,

358 1318 456 1356 quae
485 1304 579 1342 haee
607 1310 664 1341 est
692 1302 849 1341 fabula?

141 1373 228 1411 Eho
259 1372 392 1422 Mysis,
414 1384 507 1422 puer
536 1370 597 1408 hic
626 1368 790 1408 lindest?
821 1370 951 1420 quisve
982 1371 1056 1409 hue
1086 1370 1234 1410 attulit?

141 1443 239 1477 MY.
284 1439 389 1476 Satin
430 1436 570 1484 sz'rnu’s,
600 1436 665 1486 qui
704 1448 765 1473 me
807 1435 845 1473 id
884 1436 1052 1487 rogites?
1108 1442 1196 1475 DA.
1227 1437 1358 1484 Quem
1387 1449 1459 1486 ego

357 1502 469 1554 igittir
498 1516 644 1554 rogem,
1425 1518 1462 1540 ιο

142 1572 220 1620 Qui
240 1571 301 1610 hic
325 1569 521 1609 neminem
541 1571 656 1609 alium
676 1571 855 1610 videam?
914 1575 1000 1608 CH.
1034 1568 1174 1620 (Aside,
1187 1570 1330 1620 having
1351 1569 1460 1607 wt'tlz-

356 1638 490 1675 drawn
506 1641 540 1675 to
559 1638 616 1675 llze
630 1637 718 1676 back
736 1638 851 1687 ofllze
869 1635 997 1687 stage.)
1019 1635 1150 1682 Miror,
1172 1634 1275 1673 linde
1295 1636 1351 1674 sit.
1384 1639 1405 1673 7
1411 1638 1463 1692 50.
1484 1669 1505 1679 ,,

140 1710 228 1743 DA.
259 1702 491 1756 (Shoulz'ng.)
520 1702 679 1742 Dictlira
710 1716 751 1741 es
780 1703 885 1753 quod
918 1703 1041 1752 rogo?
1097 1705 1196 1739 MY.
1237 1700 1310 1739 Ali.
1368 1706 1455 1739 DA.

356 1769 641 1822 (thsperz'ng.)
672 1769 854 1808 Concede
882 1768 931 1806 ad
959 1767 1167 1805 dexteram.

139 1842 238 1875 MY.
269 1836 441 1874 Deliras:
472 1848 551 1874 non
581 1842 659 1874 tute
690 1836 798 1885 ipse?
854 1840 943 1872 DA.
974 1833 1147 1871 Verbum
1176 1834 1210 1871 ss
1238 1833 1330 1871 mihi

140 1902 283 1949 Vmim,
314 1909 463 1952 praeter
494 1914 611 1952 quam
641 1901 747 1952 quod
775 1907 810 1939 te
840 1900 948 1951 rogo,
978 1899 1087 1946 saxis,
1118 1912 1221 1937 cave.
1411 1898 1414 1901 ’

140 1967 309 2020 (Aloud.)
359 1967 462 2005 Male
511 1967 634 2006 dicis?
682 1964 850 2005 undest?
904 1963 1193 2016 (thsperz'ng.)
1239 1965 1300 2003 dic
1349 1965 1459 2004 clare.

356 2038 456 2071 MY.
486 2034 522 2070 A
542 2033 666 2071 nobfs.
700 2038 789 2071 DA.
811 2031 1036 2084 (Laughz'ng
1055 2030 1204 2082 loudly.)
1224 2030 1384 2069 Hahae:
1421 2046 1458 2078 15

140 2099 284 2137 Mirfim
313 2111 415 2145 vero,
446 2097 671 2149 inpudenter
700 2098 834 2136 mulier
864 2098 897 2135 si
926 2097 1015 2135 facit
1383 2099 1459 2134 755

141 2166 364 2215 Peregrina!
386 2170 474 2203 CH.
490 2163 654 2215 (Aside.)
670 2164 731 2202 Ab
744 2162 926 2202 Andria‘rst
941 2162 1046 2209 haec,
1063 2170 1250 2214 quantum
1265 2161 1458 2212 intellego.

141 2237 228 2270 DA.
260 2232 398 2270 Adeon
429 2231 598 2269 videmur
628 2231 734 2268 vobis
764 2242 846 2268 esse
877 2229 1015 2275 idonei,
