1548 2489
41 127 81 160 V.
101 128 130 160 4.
147 136 262 169 35—50.
584 125 813 160 ANDRJA.
1300 128 1350 172 51

41 234 116 284 Spe
144 233 297 284 gaudio,
328 234 502 273 mirfindo
532 235 605 273 hoc
633 242 739 273 tanto
768 233 846 272 taim
876 234 1076 285 repentino
1105 236 1221 272 bono.
1317 249 1355 281 35

40 305 102 338 SI.
132 299 193 337 Ne
222 299 332 338 istdm
361 301 595 339 multimodis
625 309 729 339 tuam
758 297 916 338 inveniri
945 299 1105 349 gaudeo.
1151 305 1234 337 PA.
1265 297 1357 337 Cre-

252 365 315 412 d6,
345 372 462 415 pater.

41 436 128 470 CH.
157 430 209 468 At
232 431 284 468 mi
310 429 408 468 unus
438 431 636 480 scrupulus
657 430 773 469 etiam
793 437 919 477 restat,
941 431 1008 481 qui
1027 443 1088 469 me
1113 430 1210 468 male
1231 430 1357 468 habet.

253 501 338 535 PA.
381 495 540 547 (Aside.)
581 496 731 546 Dignus
760 509 800 535 es
1282 499 1360 533 940

37 568 139 608 Cum
160 568 224 606 tua'.
243 567 438 614 religione,
460 566 592 603 odium

253 630 358 678 Quid
385 631 481 669 istuc
509 631 591 669 est?

40 701 126 734 CH.
158 695 313 734 Nomen
349 708 430 734 non
467 697 656 734 convenit.
715 703 796 735 CR.
838 698 924 735 Fuit
959 697 1083 735 hercle
1124 696 1213 735 huic
1255 696 1359 735 {iliud

253 773 402 811 parvae.
461 766 550 799 CH.
581 761 712 808 Quod,
743 763 875 800 Crito?

40 825 240 877 Numquid
272 826 507 864 meministi?
549 831 629 864 GR.
672 827 718 865 Id
742 827 896 877 quaero.
938 833 1020 866 PA.
1052 827 1214 879 (Aside.)
1244 827 1357 878 Egon

715 566 862 604 nodum
882 566 920 603 in
942 565 1069 615 scirpo
1091 563 1250 614 quaeris.
1282 565 1363 598 GR.

252 892 364 930 huius
392 891 619 930 memoriam
649 892 770 942 patizir
799 905 909 931 meae
1316 910 1360 941 40

39 956 238 1008 Voluptati
256 958 421 1004 obstare,
441 969 560 1007 quom
585 957 740 1007 egomet
768 959 912 1008 possim
941 959 979 996 in
1009 958 1080 997 heic
1110 972 1150 998 re
1178 959 1361 997 medicari

253 1023 372 1062 mihi?

40 1088 133 1128 Non
169 1088 299 1139 pxitiar.
342 1089 511 1140 (Aloud.)
554 1089 660 1136 heus,
690 1089 888 1136 Chremes,
918 1090 1023 1141 quod
1063 1092 1226 1141 quaeris,
1256 1090 1359 1129 Peisi-

249 1154 406 1204 plzilast.
465 1159 552 1192 CH.
583 1154 722 1205 Ipszist.
782 1161 863 1193 CR.
892 1155 996 1194 East.
1284 1160 1360 1194 945

42 1225 125 1259 PA.
155 1220 215 1258 Ex
244 1220 328 1270 ipsa
355 1219 504 1258 miliens
532 1221 670 1260 audivi.
718 1226 781 1259 SI.
811 1221 949 1260 Omnis
979 1234 1050 1260 nos
1079 1222 1245 1271 gaudere
1274 1222 1361 1268 h6c,

256 1285 450 1333 Chremes,

42 1350 102 1390 Te
130 1351 245 1390 cre'do
273 1351 437 1390 credere.
478 1357 565 1390 CH.
595 1341 655 1389 sta
673 1364 735 1390 me
755 1352 793 1390 di
813 1360 950 1399 ament,
972 1352 1097 1391 cre'do.
1146 1358 1229 1391 PA.
1261 1352 1365 1400 Quid

256 1416 381 1463 restat,
410 1418 544 1467 pater?

43 1489 107 1522 SI.
138 1484 222 1522 Iam
261 1482 407 1521 dudum
447 1496 505 1521 res
546 1482 720 1522 redduxit
759 1497 819 1522 me
854 1485 937 1534 ipsa
976 1485 1014 1521 in
1047 1483 1221 1534 gretiam.
1277 1490 1362 1523 PA.

256 1548 458 1600 (Claspz‘ng
486 1548 620 1587 Sz‘mo's
647 1550 782 1600 hand.)
813 1549 849 1588 O
878 1549 1047 1599 lepidum
1076 1552 1242 1599 patrem!
1322 1567 1363 1598 45

43 1613 102 1652 De
131 1614 261 1662 uxore,
291 1615 343 1653 ita
369 1622 410 1653 ut
437 1614 604 1665 possedi,
634 1615 684 1652 nil
717 1614 838 1653 muta'tt
873 1614 1086 1653 Chremes?
1112 1621 1198 1653 CH.
1239 1615 1367 1654 Causa

256 1681 476 1731 optumast:

44 1744 127 1782 Nisi
155 1746 248 1795 quid
276 1753 384 1796 pater
411 1751 465 1785 a'1't
494 1745 606 1785 aliud.
664 1751 748 1784 PA.
780 1745 900 1796 (Wz'tlz
923 1760 947 1783 a
966 1746 1182 1796 stgrnzficanl
1191 1747 1366 1799 gesture.)

259 1811 410 1862 Nempe
448 1812 512 1850 id?
573 1817 636 1850 SI.
676 1812 837 1850 Scilicet.
895 1818 980 1850 CH.
1021 1812 1115 1859 Dos,
1154 1813 1366 1864 Pamphile,

258 1884 314 1916 est
1288 1883 1366 1919 950

44 1940 193 1980 Decem
213 1943 362 1981 talenta.
401 1949 485 1981 PA.
515 1943 635 1994 (With
655 1945 835 1994 effusiore.)
865 1946 1036 1995 Accipio.
1077 1951 1163 1983 CH.
1195 1945 1366 1996 Propero

258 2008 309 2047 ad
336 2008 466 2046 fssiam.
506 2009 579 2047 eho
606 2009 770 2056 mecum,
800 2010 930 2049 Crito:

45 2071 147 2110 Nam
177 2071 280 2111 illam
313 2085 375 2111 me
414 2075 528 2113 credo
558 2074 663 2112 haud
695 2075 821 2113 nosse.
878 2074 1055 2126 (Exeunl
1087 2076 1260 2115 Chremes
1289 2078 1368 2115 and

261 2138 400 2190 Crito.)
438 2145 502 2178 SI.
531 2139 641 2187 Quor
671 2152 749 2178 non
779 2141 881 2178 sslam
910 2141 983 2179 huc
1014 2142 1207 2180 transferri
1232 2144 1365 2181 iubes?

44 2207 128 2241 PA.
161 2202 280 2242 Recte
311 2203 520 2243 5dmones:
556 2205 666 2244 Davo
701 2204 774 2255 ego
801 2208 900 2244 istuc
938 2207 1077 2246 dedam
1109 2207 1184 2246 isim
1219 2210 1361 2259 negoti.

260 2275 322 2308 SI.
352 2269 443 2308 Non
473 2278 608 2320 potest.
1322 2291 1364 2323 50

700 2351 722 2377 E
745 2352 763 2376 2
