1548 2489
149 122 203 152 20
691 116 922 152 ANDRIA.
1215 118 1261 151 11.
1280 120 1309 150 2.
1328 121 1421 159 31-3.
1439 128 1471 162 9.

146 225 261 263 Certa
289 237 347 262 res
375 230 442 262 est.
489 223 604 261 etiam
634 237 795 274 puerum
826 225 913 262 inde
943 223 1076 262 abiens
1101 226 1264 263 conveni
1290 225 1468 263 Chremi:

146 290 292 328 Holera
319 296 356 327 et
384 289 587 339 pisciculos
616 290 784 327 minutos
814 289 910 327 ferre
940 289 1058 327 obolo
1089 290 1129 326 in
1158 289 1294 328 ceneim
1324 290 1415 328 seni.

146 360 232 393 CH.
264 354 468 392 Liberatus
490 366 576 392 sum
597 353 726 402 hodie,
747 354 866 400 Dave,
891 338 1103 404 uia—offla.
1147 359 1236 392 DA.
1266 355 1324 392 Ac
1344 354 1470 392 nulhis

359 420 526 470 quidem.
1393 424 1469 459 370

144 491 230 524 CH.
262 486 368 532 Quid
402 486 478 522 ita?
518 498 658 535 nempe
689 486 775 524 huic
806 486 964 535 prorsus
1001 486 1104 523 illam
1134 484 1214 524 non
1248 486 1323 524 dat.
1380 491 1469 523 DA.

359 550 580 588 Ridieumm
611 553 743 601 caput!

143 617 264 665 Quz'isi
308 629 490 654 necessus
531 617 587 662 sit,
632 617 663 654 si
705 617 792 656 huic
834 629 915 655 non
955 617 1029 663 dat,
1074 617 1109 655 te
1157 618 1261 654 illam
1308 629 1469 655 uxorem

358 680 521 720 dticere:

142 745 229 783 Nisi
271 744 386 790 vides,
430 744 500 781 nisi
545 744 646 782 senis
686 745 832 783 amieos
880 746 978 791 oras,
1030 746 1165 784 ambis.
1233 750 1322 783 CH.
1363 745 1469 784 Bene

358 822 517 847 mones:

141 866 227 923 ibo,
255 876 325 913 etsi
354 875 480 914 hercle
510 875 624 926 saepe
655 877 731 914 iam
761 889 823 914 me
853 876 941 927 spes
971 877 1064 915 haec
1094 876 1317 914 frustratdst.
1348 877 1441 915 vale.

994 942 1117 991 (Exit
1136 940 1358 993 Charinus.)

734 1155 806 1194 SC.
839 1161 872 1194 3.

519 1261 861 1294 PAMPHILVS.
919 1262 1114 1296 DAVOS.

143 1361 227 1394 PA.
260 1354 366 1402 Quid
395 1354 508 1403 igitur
538 1354 610 1391 sibi
639 1353 716 1391 volt
744 1354 878 1403 pater?
908 1366 1004 1403 quor
1034 1353 1211 1392 simulat?
1259 1359 1348 1392 DA.
1378 1353 1465 1403 Ego

358 1419 486 1457 dice'tm
516 1420 592 1457 tibi.
1387 1422 1464 1457 375

145 1488 183 1525 Si
213 1487 251 1524 id
280 1484 503 1525 suscenseat
532 1497 648 1530 nune,
680 1486 769 1535 quia
797 1498 877 1524 non
901 1485 963 1523 det
991 1487 1057 1524 tibi
1082 1485 1243 1523 uxorem
1266 1485 1465 1531 Chremes,

143 1554 251 1592 Prffis
281 1564 397 1602 quam
427 1558 534 1589 tuom
565 1558 606 1588 ut
635 1563 718 1588 sese
749 1550 888 1589 habeat
918 1551 1091 1589 animum
1121 1551 1170 1589 ad
1198 1549 1352 1601 miptias
1380 1563 1465 1601 per-

359 1616 546 1668 spexerit:

145 1675 257 1735 spsus
289 1684 360 1722 sibi
392 1686 475 1720 esse
506 1681 664 1720 initirius
693 1682 874 1729 videzitur,
906 1696 1029 1734 neque
1060 1683 1099 1722 id
1128 1681 1273 1721 initiria.

147 1751 223 1788 Se'd
253 1750 284 1787 si
313 1756 352 1787 tu
382 1748 534 1798 negaris
564 1749 716 1796 ducere,
747 1750 800 1786 ibi
829 1749 983 1798 culpam
1012 1750 1051 1786 in
1080 1756 1116 1787 te
1145 1748 1364 1787 transferet:
1445 1763 1463 1796 5

144 1817 249 1854 Tum
288 1815 371 1852 sslae
406 1815 537 1852 turbae
571 1814 675 1852 sient.
735 1819 820 1852 PA.
850 1814 1012 1861 Quidvis
1045 1814 1176 1865 pdtiar.
1231 1819 1319 1854 DA.
1352 1815 1465 1852 Pater

359 1887 428 1930 est,
459 1879 668 1929 Pamphile.
1387 1885 1464 1921 380

145 1948 354 1986 Difficilest.
411 1953 492 1984 tum
521 1946 616 1984 haec
645 1946 760 1984 solast
790 1947 935 1985 mulier.
983 1947 1128 1986 dictum
1156 1960 1201 1986 ac
1231 1947 1377 1986 sactum
1405 1948 1463 1986 in-

359 2011 501 2051 venerit

144 2071 326 2130 Aliquam
356 2090 523 2123 causam,
547 2090 663 2127 quam
694 2080 746 2116 ob
775 2092 854 2116 rem
885 2079 999 2117 eiciat
1027 2079 1182 2129 oppido.
1226 2084 1311 2118 PA.
1342 2079 1463 2131 (Wz'llz

361 2142 522 2194 horror.)
562 2143 716 2182 Ei'cif'tt?
772 2150 859 2182 DA.
891 2145 990 2183 Cito.

146 2217 230 2249 PA.
269 2210 378 2248 Cedo
414 2211 524 2259 igitur
557 2211 649 2258 quid
681 2210 829 2254 fficiam,
863 2210 996 2248 Dave?
1037 2216 1125 2248 DA.
1155 2211 1229 2249 Dic
1259 2217 1296 2249 te
1325 2211 1460 2250 ductu-

361 2288 456 2313 rum.
513 2281 596 2313 PA.
630 2275 759 2314 Hom?
802 2281 891 2314 DA.
921 2276 1026 2322 Quid
1055 2277 1139 2314 est?
