1548 2489
56 105 115 140 IV.
132 107 162 139 3.
177 114 275 148 4-24·
596 103 825 139 ANDRJA.
1314 108 1368 151 39

57 211 257 250 Pardtum:
286 224 415 250 verum
444 224 492 250 ex
521 212 568 250 eo
598 224 700 250 nunc
730 212 866 249 misera
895 210 1009 261 quern
1038 210 1138 260 capit

56 275 275 316 Laborem!
306 277 412 316 facile
440 277 501 315 hic
530 276 614 327 phis
642 277 767 315 malist
795 289 912 326 quam
942 276 1013 314 illie
1043 275 1145 314 boni.
1245 290 1261 322 5
1293 276 1370 311 720

57 341 246 393 (Re-enter
260 343 390 380 Davos
407 342 497 380 with
516 343 573 379 the
598 343 687 392 baby
713 344 753 379 z‘n
776 343 836 379 lzz's
861 340 992 391 armS.)
1036 340 1112 379 Sed
1132 338 1263 378 Danos
1283 339 1370 376 exit.

271 410 323 446 mi
354 407 484 455 homo,
517 408 609 458 quid
639 408 734 446 istuc
764 407 985 445 obsecrost?

57 473 148 522 Quo
187 474 317 524 portas
358 474 546 525 puerum?
593 478 683 511 DA.
732 470 1042 523 (llffyslerioushae.)
1090 471 1223 521 Mysis,
1268 481 1372 508 nune

273 552 371 590 opus
400 538 457 577 est
484 545 548 576 tua

57 603 156 643 Mihi
184 604 234 643 ad
261 605 361 643 hzinc
391 617 473 643 rem
502 610 731 654 exprompta
758 602 903 641 malitia
932 609 1046 652 atque
1076 600 1224 640 astutia.

51 674 150 708 MY.
180 669 286 716 Quid
307 680 397 706 nam
418 667 676 717 incepturu’s?
721 672 809 705 DA.
841 659 986 717 Accipe
1010 681 1033 706 a
1058 679 1120 705 me
1141 667 1243 705 hunc
1266 665 1374 705 ocius

52 734 179 786 Atque
208 733 296 772 §nte
325 739 496 772 nostram
527 732 680 771 ienuam
710 732 874 783 adpone.
922 737 1021 771 MY.
1043 731 1237 784 (Slarlz'ng
1261 731 1375 781 back.)

267 788 452 844 Obsecro,
1232 814 1270 835 10
1301 799 1375 835 725

55 860 252 900 Humfne?
308 867 398 900 DA.
427 862 489 899 Ex
518 874 584 900 ara
612 861 700 899 hinc
729 860 837 899 sume
866 861 1053 899 verbena'rs
1080 861 1146 899 tibi

55 928 180 978 Atque
223 927 287 967 eais
329 928 539 966 substerne.
611 931 710 965 MY.
750 927 880 974 Quam
918 926 969 964 ob
1007 939 1086 965 rem
1116 926 1154 964 id
1183 932 1262 965 tute
1290 926 1370 964 non

269 993 360 1032 facis
378 994 392 1031 ?

56 1063 147 1096 DA.
178 1057 294 1106 Quia,
324 1060 356 1097 si
383 1059 478 1098 forte
506 1059 604 1108 opus
635 1059 680 1096 sit
709 1058 758 1096 fid
787 1070 893 1096 erum
922 1056 1125 1096 iurandum
1154 1058 1247 1096 mihi

57 1122 150 1162 Non
179 1123 417 1174 adposuisse,
446 1131 487 1162 ut
516 1124 661 1176 liquido
690 1124 847 1173 possim.
905 1128 1003 1162 MY.
1033 1123 1246 1174 Intellego:

53 1185 369 1242 (Sarcaslz’cally.)
426 1190 539 1228 Nova
581 1188 684 1228 minc
727 1189 857 1239 religio
897 1189 936 1226 in
965 1196 1001 1228 te
1040 1190 1157 1228 istaec
1205 1190 1370 1228 incessit.

271 1256 379 1295 cedo.
417 1253 562 1305 (Davos
576 1257 681 1305 gives
701 1257 757 1294 llze
777 1256 867 1306 ὂαργ
887 1260 919 1294 lo
938 1252 1093 1303 Mysis.)
1223 1272 1259 1303 15
1293 1259 1368 1293 730

55 1325 141 1359 DA.
171 1320 289 1360 Move
318 1322 426 1359 6cius
454 1330 502 1368 te,
533 1328 574 1359 ut
603 1320 695 1372 quid
725 1333 838 1371 agam
867 1333 983 1371 porro
1013 1320 1221 1370 intellegas.

53 1385 238 1438 (Lookz'ng
283 1386 429 1438 round.)
477 1387 551 1425 Pro
603 1386 788 1437 Iuppiter!
838 1391 936 1425 MY.
985 1386 1090 1434 Quid
1133 1387 1213 1425 est?
1280 1391 1369 1425 DA.

271 1453 445 1503 Sponsae
474 1460 582 1503 pater
611 1453 820 1493 intervenit.

54 1517 233 1569 Repudio
261 1519 367 1569 quod
396 1519 597 1557 consilium
627 1520 792 1570 primum
822 1518 1071 1556 intenderam.

53 1588 153 1624 MY.
183 1584 327 1624 Nescio
356 1585 449 1635 quid
477 1597 618 1624 narres.
676 1590 764 1623 DA.
795 1573 881 1634 Ego
907 1597 1060 1636 quoque
1083 1584 1172 1623 hinc
1199 1584 1249 1622 ab
1276 1583 1369 1621 dex-

269 1658 349 1689 tera

54 1715 197 1754 Venire
226 1729 289 1755 me
317 1716 576 1756 adsimulzibo:
606 1724 647 1755 tu
674 1724 715 1755 ut
745 1716 957 1755 subservias
1223 1730 1263 1753 20
1294 1719 1369 1754 735

55 1780 244 1829 Orationi,
275 1789 316 1821 ut
345 1783 540 1833 quomque
570 1783 669 1834 opiis
700 1783 758 1830 sit,
788 1783 912 1821 verbis
942 1781 1039 1820 vide.

53 1851 155 1885 MY.
184 1847 271 1897 Ego
301 1849 394 1898 quid
423 1861 516 1899 agas
545 1850 597 1887 nil
626 1848 828 1898 intellego:
859 1847 928 1886 sed
957 1846 1082 1897 siquid
1113 1854 1179 1894 est,

55 1911 173 1959 Quod
202 1913 290 1951 mea
318 1927 435 1964 opera
464 1927 562 1965 opus
593 1915 640 1953 sit
669 1915 790 1960 vobis,
821 1921 884 1951 aut
913 1920 956 1951 tu
984 1911 1070 1963 plus
1099 1913 1215 1960 vides,

55 1977 238 2026 Manebo,
270 1981 425 2030 nequod
454 1981 623 2020 vostrum
652 1992 818 2018 remorer
847 1979 1107 2018 c6mmodum.
1149 1979 1271 2030 (Exit
1286 1979 1369 2017 Da-

271 2059 341 2092 vos‚
367 2060 411 2084 on
438 2047 494 2084 tlte
520 2047 633 2097 rzglzl‚
654 2059 783 2084 unseen
805 2045 847 2094 by
873 2044 1056 2092 Chremes,
1077 2045 1161 2082 who
1182 2049 1298 2083 enlers
1326 2060 1370 2084 on

270 2112 326 2149 llze
344 2112 434 2163 lest.)
