1548 2489
131 99 153 138 8
675 102 908 139 ANDRJA.
1196 104 1223 136 Ι.
1243 105 1271 136 1.
1291 110 1449 144 114-142.

130 211 309 250 Servavi)
364 211 527 250 honesta
555 211 723 251 oretiost.
783 218 859 251 SO.
891 211 1009 250 Recte
1040 218 1175 260 putas:

128 277 201 329 (As
221 278 413 329 ffslatzbzg
431 292 455 316 a
475 279 642 316 valuable
661 278 794 328 trulla.)
825 278 928 316 Nam
957 278 987 315 si
1008 278 1115 316 illum
1135 276 1327 326 obiurges,
1348 275 1448 313 vitae

345 344 411 394 qui
440 342 623 381 auxilium
651 344 744 390 tulit,
1388 356 1448 389 115

128 409 233 456 Quid
262 408 377 447 facias
406 409 469 456 illi,
498 410 565 459 qui
593 409 737 447 dederit
766 409 947 447 damnum
979 407 1043 446 aut
1072 408 1242 447 malum?

127 481 187 513 SI.
217 475 334 513 Venit
363 474 550 525 Chremes
572 475 764 533 Qfdjss.
782 476 831 513 ad
860 488 921 512 me
951 474 1174 513 clamitans:

126 540 337 589 Indignum
365 539 542 577 facinus:
572 540 815 589 comperisse,
845 539 1089 589 Pamphilum
1373 539 1447 577 145

126 605 200 643 Pro
229 605 348 642 uxore
377 604 516 642 habere
544 604 645 643 hanc
674 604 928 655 peregrinam.
986 617 1060 654 ego
1086 603 1179 642 sslud
1207 603 1341 642 sedulo

125 669 277 720 Negare
300 670 454 708 facturn.
510 670 569 708 ille
599 671 714 708 instat
741 670 897 709 factum.
954 670 1119 719 denique
1389 684 1449 707 120

127 734 186 772 Ita
215 734 297 772 tum
326 736 488 774 discedo
517 737 566 773 ab
596 737 673 781 sslo,
702 743 742 773 ut
772 737 839 786 qui
867 749 906 773 se
936 736 1054 773 fssiam
1171 733 1273 758 '⁷⁷⁰5

126 800 252 851 Neget
281 801 468 839 daturum.
527 807 601 840 SO.
641 801 734 840 Non
763 809 803 839 tu
837 802 888 839 ibi
888 802 1106 872 Agnatum?
1171 806 1232 839 SI.
1272 800 1332 839 Ne
1356 799 1449 839 haec

346 867 503 917 quidem
1197 887 1275 914 amr
1286 882 1422 929 ‘fir-7„

126 931 223 971 Satis
251 932 407 971 vemens
437 945 552 971 causa
581 933 631 971 ad
660 933 955 983 obiurgandum.
1013 939 1088 972 SO.
1119 933 1200 980 Qui
1219 933 1340 989 cedo]
1374 936 1501 997 1504‘>

125 1005 186 1037 SI.
218 999 341 1037 ‘Tute
370 999 452 1049 ipse
481 999 539 1037 his
569 1000 681 1037 rebus
711 999 829 1037 finem
858 1000 1114 1056 praescripsti,
1145 1006 1274 1049 pater:
1350 977 1405 1004 (A
1421 974 1456 1003 ὸ

125 1063 249 1114 Prope
278 1065 392 1111 adest,
423 1077 542 1120 qugm
571 1065 694 1103 alieno
724 1064 830 1102 more
859 1063 1100 1103 vivendumst
1128 1065 1234 1103 mihi.
1389 1079 1448 1111 125

125 1129 213 1168 Sine
242 1129 345 1168 minc
374 1117 468 1168 meo
491 1143 553 1168 me
582 1131 704 1168 vivere
733 1129 876 1168 interea
904 1130 1044 1168 modo.'

124 1201 199 1234 SO.
232 1195 311 1242 Qui
339 1194 453 1245 igitur
481 1196 633 1234 relictus
661 1195 717 1233 est
746 1195 976 1244 obiurgandi
1003 1195 1139 1234 locus?

123 1267 184 1299 SI.
217 1260 255 1298 Si
284 1261 438 1311 propter
467 1273 638 1299 amorem
667 1261 828 1299 uxorem
854 1261 950 1309 nolit
979 1260 1127 1308 ducere,
1374 1263 1448 1315 155

121 1326 180 1365 Ea
207 1328 375 1377 primum
403 1329 452 1365 ab
482 1328 545 1366 illo
575 1327 916 1366 animedvortenda
940 1326 1121 1365 initiriast.

121 1392 171 1430 Et
199 1391 302 1431 minc
331 1393 369 1430 id
396 1405 555 1443 operam
585 1394 647 1440 do,
677 1392 720 1431 lit
748 1406 815 1443 per
843 1393 956 1431 falsas
985 1391 1137 1444 miptias
1387 1407 1449 1439 130

122 1457 227 1496 Vera
256 1458 485 1509 obiurgandi
515 1457 632 1497 caiisa
661 1460 717 1505 sit,
748 1460 779 1496 si
808 1458 995 1508 deneget:

126 1523 249 1561 Simul
276 1524 480 1562 sceleratus
509 1524 640 1563 Davos
670 1525 796 1575 siquid
825 1525 960 1562 consili

122 1589 264 1636 Habet,
294 1588 335 1626 1‘1t
363 1597 564 1628 consumat
593 1588 706 1637 minc,
732 1602 851 1640 quom
880 1591 931 1628 nil
961 1590 1090 1629 obsint
1119 1590 1218 1629 doli:
1369 1592 1445 1628 160

122 1655 251 1702 Quem
279 1668 352 1704 ego
385 1655 500 1693 credo
529 1656 707 1693 manibus
735 1656 973 1706 pedibusque
1001 1656 1144 1694 obnixe
1172 1655 1303 1693 omnia

121 1720 351 1759 Facturum:
383 1721 506 1770 magis
535 1721 573 1758 id
602 1720 866 1783 fideQ
861 1729 902 1758 ut
930 1721 1206 1766 incommodet,
1384 1735 1443 1767 135

121 1787 252 1834 Quam
280 1793 320 1824 ut
341 1787 572 1836 obsequatur
591 1786 719 1836 gnato.
770 1793 844 1825 ΒΟ.
870 1785 1146 1836 Quapropter?
1200 1790 1261 1824 SI.
1284 1785 1444 1834 Rogas?

88 1851 98 1864 ¹*
121 1852 227 1891 Mala
246 1852 369 1898 mens,
383 1851 507 1888 malus
528 1850 697 1888 animus?
724 1849 839 1900 quem
860 1851 1015 1900 quidem
1037 1864 1109 1901 ego
1131 1853 1161 1889 si
1183 1851 1337 1890 sensero

644 1918 805 1969 (shakes
824 1920 883 1957 his
903 1919 994 1957 stick
1015 1934 1058 1958 as
1078 1934 1127 1957 an
1145 1918 1336 1971 apodosz's.)

121 1985 196 2023 Sed
225 1985 317 2035 quid
346 1991 459 2034 opust
489 1985 641 2022 verbis?
671 1985 728 2022 sin
757 1986 916 2031 eveniat,
947 1986 1053 2036 quod
1082 1986 1179 2033 volo,
1366 1986 1442 2024 165

120 2051 165 2088 In
195 2050 395 2100 Pamphilo
422 2057 462 2087 ut
492 2051 543 2087 nil
573 2052 619 2088 sit
647 2063 800 2088 morae:
831 2050 946 2089 restz'zt
975 2051 1170 2098 Chremes,

121 2115 199 2162 Qui
228 2116 280 2152 mi
307 2115 523 2154 exorandus
552 2119 628 2154 est:
658 2123 695 2154 et
723 2129 836 2166 spero
865 2116 1033 2155 confore.
1381 2133 1442 2166 140

121 2181 236 2218 Nunc
265 2182 407 2219 tuomst
435 2182 615 2228 officium,
645 2182 713 2219 has
743 2182 841 2220 bene
871 2189 910 2220 ut
940 2183 1143 2222 adsimules
1164 2181 1337 2234 miptias:

121 2247 409 2285 Perterrefacias
438 2246 611 2285 Davom:
641 2249 819 2286 observes
848 2248 981 2295 sssium,
