1548 2489
143 84 194 125 28
681 88 914 127 ANDRJA.
1209 92 1275 126 111.
1293 93 1324 124 2.
1342 101 1458 134 30-52.

142 198 202 236 Ne
231 205 272 236 tu
300 198 375 236 h6c
402 198 592 248 posterius
622 198 727 236 dicas
756 198 855 236 Davi
884 197 1028 237 factum
1058 199 1221 237 consilio
1249 198 1314 237 aut
1343 199 1460 238 dolist

142 264 300 302 Prorsus
340 277 363 302 a
402 276 465 302 me
504 264 728 314 opinionem
768 263 867 302 hanc
907 270 1013 302 tuam
1052 264 1134 303 esse
1172 275 1248 315 ego
1290 264 1461 302 amotam

355 330 454 367 volo.
1284 345 1326 375 30
1383 333 1460 368 510

142 400 203 433 SI.
233 392 557 446 (Incredulously.)
587 381 701 432 <Inde
730 395 769 432 id
808 394 907 433 scis?
963 400 1051 433 DA.
1082 394 1225 432 Audivi
1254 401 1291 432 et
1321 394 1462 434 credo:

357 458 684 512 (Confidentz'ally.)
712 459 832 498 multa
861 459 1094 499 concurrunt
1123 460 1248 506 simul,

142 526 222 574 Qui
245 527 504 565 coniecturam
531 525 629 564 hanc
655 538 757 564 nunc
785 525 895 564 facio.
952 525 1029 564 izim
1058 527 1226 576 primum
1254 524 1462 576 postquzim

357 593 458 630 videt

142 656 308 708 Nuptias
338 658 443 696 domi
473 657 662 707 aidpmari,
692 658 847 696 msssast
875 657 1012 696 ancilla
1041 658 1129 697 ssico

142 713 398 762 Obstetricem
440 723 662 762 arcessitum
705 723 753 761 ad
796 736 882 761 eam
931 731 969 761 et
1016 723 1177 774 puerum
1220 732 1263 763 ut
1302 726 1463 764 adferret

355 790 476 828 simul.
1288 807 1327 840 35
1386 795 1462 829 515

140 855 231 894 Hoc
260 855 332 894 nisi
361 855 413 902 fit,
443 868 606 905 puerum
635 854 676 894 iit
704 862 744 893 tu
773 855 912 901 videas,
939 855 992 893 nss
1021 862 1224 894 moventur
1254 856 1426 907 nuptiae.

140 927 203 959 SI.
233 921 338 968 Quid
366 923 449 960 ai's?
478 934 599 972 quom
629 921 869 960 intellexeras

139 976 186 1023 sd
215 987 418 1025 consilium
447 986 594 1038 ca'tpere,
619 999 718 1037 quor
745 999 825 1025 non
855 986 950 1025 dixti
980 987 1175 1037 extemplo
1205 987 1436 1038 Pamphilo?

140 1057 227 1090 DA.
252 1052 351 1100 Quis
381 1053 496 1102 igitur
525 1065 614 1091 eum
643 1054 692 1090 ab
722 1052 784 1090 ssla
814 1052 996 1090 abstraxit
1025 1053 1100 1091 nisi
1129 1054 1231 1102 ego?
1260 1066 1350 1091 nam
1379 1066 1462 1093 om-

354 1131 423 1157 nes
451 1118 524 1156 nos
553 1119 711 1169 quidem

140 1184 301 1230 Scimus,
328 1196 445 1235 quam
474 1184 611 1222 misere
640 1183 739 1222 hfinc
769 1184 915 1222 amarit.
972 1183 1075 1222 minc
1105 1184 1175 1222 sibi
1204 1196 1366 1224 uxorem
1395 1184 1462 1222 ex-

354 1251 459 1300 petit.
1283 1266 1327 1298 40
1385 1253 1462 1289 520

137 1316 338 1355 P6strem0
366 1316 405 1354 id
433 1316 526 1354 mihi
556 1316 604 1355 dot
632 1317 784 1366 negoti:
814 1315 855 1355 tii
884 1323 1014 1354 tamen
1043 1316 1145 1354 idem
1174 1316 1244 1354 has
1272 1315 1426 1366 nuptias

138 1381 259 1432 Perge
288 1382 414 1420 facere
444 1383 494 1420 ita
523 1381 564 1420 iit
593 1382 714 1420 facis:
746 1389 783 1420 et
812 1383 850 1419 id
880 1382 992 1432 spero
1022 1382 1220 1420 adiuturos
1249 1382 1353 1421 deos.

138 1452 200 1487 SI.
230 1436 359 1485 Immo
388 1448 448 1485 abi
478 1448 601 1485 intro:
631 1448 683 1484 ibi
713 1460 774 1485 me
802 1448 980 1497 opperire
1003 1454 1040 1485 et
1068 1447 1174 1497 quod
1202 1454 1335 1497 parato
1364 1460 1462 1497 opus

354 1510 411 1552 est
439 1526 543 1563 para.
655 1512 778 1563 (Exit
793 1512 923 1551 Davos
944 1514 1018 1549 into
1034 1511 1168 1550 Sz'mo's
1188 1510 1325 1565 house.)

139 1580 232 1619 Non
260 1580 396 1630 inpulit
424 1592 498 1626 me,
528 1580 624 1618 haec
655 1578 758 1617 minc
788 1579 948 1617 omnino
976 1585 1018 1616 ut
1046 1578 1254 1617 crederem.

136 1647 265 1696 Atque
293 1645 396 1683 haud
425 1647 505 1684 scio
535 1659 585 1683 an
614 1658 711 1696 quae
741 1645 834 1682 dixit
864 1645 938 1682 sint
967 1657 1054 1682 vera
1083 1643 1224 1681 omnia.
1284 1660 1325 1691 45
1385 1646 1462 1682 525

140 1711 215 1750 Sed
243 1711 347 1761 pz'irvi
375 1712 527 1761 pendo:
558 1711 651 1748 illud
680 1710 772 1748 mihi
800 1711 923 1748 multo
952 1710 1226 1754 mzixumumst,

139 1778 259 1824 Quod
287 1777 380 1814 mihi
408 1777 613 1827 pollicitust
643 1777 748 1826 ipsus
777 1783 929 1826 gnatus.
986 1774 1089 1813 nunc
1119 1774 1326 1813 Chremem

138 1842 402 1880 Conveniam:
433 1843 556 1880 orabo
584 1842 703 1891 gnzito
730 1854 917 1879 uxorem:
948 1841 979 1878 si
1010 1842 1171 1890 inpetro,

139 1908 246 1954 Quid
274 1908 365 1945 {ilias
394 1909 524 1945 malim
554 1920 671 1958 quam
701 1907 815 1945 hodie
844 1907 913 1944 has
943 1907 1022 1943 fieri
1053 1905 1231 1955 nuptias?

139 1973 243 2011 Nam
272 1973 411 2022 gns'ttus
440 1973 544 2023 quod
573 1973 790 2022 pollicitust,
820 1972 922 2009 haud
952 1970 1145 2009 dubiumst
1174 1970 1279 2016 mihi,
1313 1987 1354 2018 50
1385 1974 1462 2009 530

141 2038 179 2076 Si
210 2039 314 2084 nolit,
344 2039 436 2087 quin
467 2051 555 2075 eum
585 2037 721 2076 merito
750 2039 896 2087 possim
926 2038 1078 2087 c6gere.

140 2106 267 2156 Atque
297 2105 393 2142 :ideo
423 2106 461 2141 in
490 2105 574 2154 ipso
606 2103 777 2154 tempore
807 2115 940 2141 eccum
970 2104 1096 2152 ipsum
1126 2102 1289 2140 obviam.
