1548 2489
132 81 186 123 30
667 73 899 108 ANDRJA.
1206 74 1269 106 111.
1288 76 1317 107 3.
1339 74 1452 116 22-48.

132 187 193 220 SI.
225 181 403 219 Profecto
433 182 487 219 sic
516 187 586 220 est.
644 187 732 219 CH.
765 182 827 220 Sic
858 181 982 219 hercle
1012 188 1053 219 ut
1083 180 1208 219 dicam
1238 182 1328 219 tibi:

130 247 357 285 Amantium
386 248 462 285 irae
492 247 634 286 amoris
662 247 911 297 integratiost.
1378 249 1453 285 555

133 319 194 351 SI.
225 313 341 360 Hem,
372 313 410 350 id
440 319 477 351 te
506 313 576 351 oro
605 320 646 350 ut
676 320 763 351 ante
794 312 936 351 eamus.
994 313 1086 351 dum
1115 311 1267 363 templis
1296 313 1417 358 datur,

132 379 313 429 Dumque
343 379 423 416 eius
452 379 583 417 lubido
612 377 803 417 occlusast
832 378 1082 424 contumeliis,
1418 394 1455 425 25

132 445 240 483 Prius
270 457 388 495 quam
418 444 555 483 hairum
584 444 727 483 scelera
756 451 792 482 et
822 444 1014 482 lacrumae
1044 443 1231 483 confictae
1259 444 1357 483 dolis

132 509 365 548 Reddiicunt
394 511 568 548 animum
597 510 797 560 aegrotum
828 510 876 547 ad
905 510 1219 556 misericordiam,

132 576 306 614 onrem
334 576 480 614 demus.
539 575 651 626 spero
680 574 955 614 consuetudine
985 582 1022 614 et
1381 577 1458 614 560

134 646 326 697 Coniugio
355 646 499 685 liberali
528 645 759 693 devinctum,
791 645 966 693 Chreme,

133 713 236 751 Dein
264 712 374 751 facile
402 726 450 751 ex
479 713 549 751 illis
579 713 664 751 sese
694 712 931 751 emersurum
960 713 1081 753 malis.
1419 726 1461 758 30

135 785 222 817 GH.
253 778 343 817 Tibi
373 779 424 817 ita
453 778 528 817 hoc
557 779 725 817 videtur:
757 778 795 817 at
824 792 897 830 ego
927 792 1007 817 non
1036 790 1152 829 posse
1181 776 1341 815 arbitror

134 845 272 896 Neque
299 845 406 882 illum
435 844 536 882 hanc
564 852 751 895 perpetuo
779 844 920 883 habere
950 857 1075 894 neque
1103 856 1165 881 me
1195 842 1350 893 perpeti.

136 917 198 949 SI.
230 911 308 958 Qui
338 912 414 949 scis
443 923 535 960 ergo
566 911 675 957 istuc,
706 910 779 948 nisi
809 910 994 960 periclum
1023 909 1184 948 feceris?
1383 911 1460 948 565

137 983 224 1016 CH.
254 977 307 1015 At
330 975 431 1015 istuc
460 976 645 1027 periclum
673 977 712 1014 in
742 976 821 1014 filia
848 976 932 1014 fieri
959 983 1122 1026 gravest.

136 1050 197 1082 SI.
228 1043 381 1093 Nempe
411 1043 712 1081 incommoditas
740 1041 906 1093 denique
935 1043 1010 1080 huc
1039 1042 1166 1081 omnis
1195 1042 1304 1089 redit,
1422 1057 1462 1090 35

137 1111 176 1149 Si
204 1110 363 1156 eveniat,
394 1109 501 1160 quod
530 1109 567 1147 di
597 1109 837 1159 prohibeant,
869 1108 1064 1147 discessio.

135 1177 187 1214 At
217 1177 249 1214 si
277 1175 489 1225 corrigitur,
517 1175 613 1225 quot
641 1174 933 1214 commoditates
962 1174 1072 1214 vide:

135 1242 331 1292 Principio
359 1242 486 1279 amico
516 1241 638 1278 fssium
666 1242 884 1288 restitueris,
1387 1245 1463 1281 570

135 1308 229 1347 Tibi
257 1308 442 1358 generum
472 1307 626 1344 firmum
655 1313 692 1345 et
720 1307 819 1345 filiae
850 1307 1021 1346 invenies
1051 1308 1184 1346 virum.

138 1379 226 1412 CH.
256 1372 448 1426 (Fz'elding
466 1375 619 1423 against
634 1373 694 1411 lzz's
713 1373 819 1411 better
824 1371 1049 1425 judgment.)
1079 1372 1184 1420 Quid
1210 1372 1326 1411 istic?
1354 1374 1386 1411 si
1414 1374 1466 1412 ita

353 1440 449 1478 istuc
478 1439 650 1476 animum
680 1440 827 1477 induxti
856 1452 941 1478 esse
970 1439 1071 1486 utile,
1421 1455 1466 1489 40

139 1507 242 1545 Nolo
271 1506 338 1544 tibi
366 1505 486 1543 ullum
515 1505 767 1543 commodum
795 1506 834 1542 in
864 1518 926 1544 me
957 1505 1133 1546 claudier.

140 1579 202 1611 SI.
234 1571 376 1609 Merito
406 1578 440 1609 te
470 1583 620 1620 semper
649 1570 821 1608 maxumi
850 1571 933 1617 feci,
964 1572 1139 1611 Chreme.

140 1645 227 1677 CH.
258 1637 334 1676 Sed
364 1637 459 1687 quid
488 1637 574 1674 ai‘s?
633 1642 694 1674 SI.
725 1637 857 1684 Quid?
915 1642 1002 1675 CH.
1034 1638 1111 1685 Qui
1140 1639 1214 1677 scis
1253 1651 1321 1678 eos
1362 1650 1464 1677 nunc

356 1703 575 1741 discordare
605 1702 702 1740 inter
731 1705 798 1740 se?
1389 1709 1464 1743 575

142 1778 203 1810 SI.
233 1768 345 1820 Ipsus
375 1769 468 1806 mihi
498 1768 641 1814 Davos,
673 1769 735 1818 qui
766 1770 951 1808 intumust
981 1770 1114 1809 eorum
1144 1772 1326 1818 consiliis,
1348 1770 1463 1808 dixit:

140 1838 189 1876 Et
209 1839 240 1875 is
263 1836 355 1873 mihi
377 1835 510 1873 suadet
529 1833 682 1884 nuptias
703 1836 887 1885 quantum
910 1849 1049 1886 queam
1069 1845 1110 1875 ut
1125 1837 1325 1875 maturem.
1423 1854 1464 1886 45

141 1904 245 1941 Num
276 1901 410 1939 censes
441 1901 590 1946 faceret,
621 1901 740 1938 sssium
770 1902 841 1939 nisi
872 1903 983 1940 sciret
1012 1903 1148 1941 eadem
1178 1903 1273 1941 haec
1303 1902 1424 1941 velle?

142 1969 242 2006 Tute
272 1967 370 2005 adeo
395 1967 471 2003 iam
501 1967 580 2004 cius
610 1968 725 2004 verba
754 1966 896 2006 audies.
955 1966 1128 2019 (Callz'ng
1158 1971 1233 2007 z'nlo
1252 1969 1311 2007 his
1329 1967 1464 2022 house.)

357 2033 461 2078 heus,
492 2039 647 2070 evocate
676 2033 751 2070 huc
782 2032 944 2071 Dzivom.

142 2100 266 2150 Atque
297 2098 459 2136 eccum:
492 2098 603 2136 video
634 2098 757 2148 ipsum
790 2099 888 2137 soras
918 2100 1032 2139 exire.
