1548 2489
138 126 190 158 22
679 119 911 155 ANDRIA.
1228 125 1273 158 ΙΙ.
1292 125 1322 157 4.
1339 124 1407 156 1-5.
1425 129 1454 166 7.

724 275 799 314 SC.
830 279 864 314 4.

395 364 542 398 SIMO.
600 364 797 398 DAVOS.
856 363 1200 400 PAMPHILVS.

221 440 360 492 (Enler
390 441 501 487 Simo,
523 442 679 479 without
705 443 826 490 seez'ng
856 440 985 480 Davos
1013 445 1093 480 and
1116 443 1375 495 Pamphilus.)

134 514 194 546 SI.
226 508 369 546 Reviso
398 508 491 558 quid
520 514 636 556 agant
667 506 731 545 alit
761 507 854 558 quid
884 514 1038 557 captent
1063 509 1214 548 c6nsili.

132 579 220 611 DA.
251 573 395 625 (Apart
421 578 454 611 lo
483 573 740 625 Pamphilus.)
798 573 875 612 Hic
911 571 1014 613 minc
1049 588 1128 613 non
1167 575 1327 622 dubitat,
1360 576 1455 625 quin

360 646 397 677 te
427 638 634 676 dueturfim
664 651 793 689 neges.
1378 643 1455 678 405

132 706 250 743 Venit
279 705 483 743 meditatus
512 704 688 743 alicunde
717 719 764 743 ex
794 707 876 745 s016
906 708 1013 746 loco:

133 771 356 810 Orzitionem
387 770 513 820 sperat
542 771 732 809 invenisse
764 784 816 819 se,

133 837 211 884 Qui
240 837 389 875 differat
417 844 475 875 te:
506 838 619 887 proin
648 843 690 874 tu
718 837 778 876 fae
807 839 910 889 apud
938 846 974 877 te
1002 837 1043 877 dt
1072 839 1157 878 sies.
1437 854 1455 887 5

133 908 217 941 PA.
257 901 402 954 (Apart
445 906 479 940 lo
520 901 678 954 Davos.)
737 903 859 942 Modo
907 904 947 942 fit
987 905 1144 955 p6ssim‚
1189 905 1307 945 Dave.
1365 909 1455 942 DA.

347 968 518 1020 (Apart.)
575 968 701 1007 Crede
730 970 887 1020 inquam
915 970 989 1008 hoc
1018 971 1122 1016 mihi,
1153 970 1364 1021 Pamphile,

132 1035 358 1085 Numquam
387 1035 502 1072 h6die
531 1041 659 1072 tecum
689 1034 1016 1074 e6mmutatur1im
1046 1043 1196 1086 patrem
1379 1038 1456 1073 410

132 1101 265 1138 Vnum
294 1100 378 1138 esse
407 1101 577 1147 verbum,
609 1102 643 1138 εἰ
671 1108 707 1138 te
736 1101 839 1139 dices
870 1100 1019 1140 dlicere.

729 1344 802 1384 SC.
834 1348 869 1384 5.

252 1444 479 1478 BYRRIA.
537 1445 684 1479 SIMO.
742 1444 939 1478 DAVOS.
998 1443 1344 1477 PAMPHILVS.

132 1535 268 1587 (Enter
297 1534 455 1583 Byrria,
475 1534 559 1572 who
587 1536 749 1573 remains
769 1535 808 1572 in
833 1535 889 1572 the
915 1534 1158 1583 background,
1179 1547 1309 1570 unseen
1333 1534 1377 1583 by
1400 1533 1457 1571 the

745 1599 848 1651 rest.)

132 1673 220 1706 BY.
250 1666 411 1719 (Aside.)
440 1667 538 1705 Eriis
567 1666 629 1705 me
659 1667 796 1705 relictis
825 1666 938 1704 rebus
969 1666 1075 1704 iussit
1103 1664 1349 1715 Pamphilum

133 1734 262 1772 Hodie
291 1734 505 1780 ebservare,
536 1740 576 1770 ut
605 1733 698 1784 quid
728 1739 855 1782 ageret
885 1732 931 1770 de
962 1732 1106 1782 nfiptiis

133 1801 299 1839 Scirem:
331 1800 371 1837 sd
401 1806 600 1849 propterea
629 1798 732 1837 minc
761 1800 864 1837 hunc
892 1797 1110 1836 venientem
1139 1809 1292 1847 sequor.

132 1867 265 1916 Ipsum
295 1866 393 1904 {ideo
423 1873 575 1915 praesto
604 1866 718 1903 vfdeo
748 1878 835 1903 cum
864 1865 999 1903 Davo:
1029 1864 1104 1901 h6e
1133 1876 1258 1912 agam.
1380 1866 1456 1900 415

133 1939 193 1971 SI.
224 1932 387 1983 (Aside.)
419 1930 633 1982 Vtrtimque
658 1932 791 1969 adesse
819 1931 941 1969 video.
999 1935 1088 1968 DA.
1122 1930 1268 1979 (Apart
1284 1933 1318 1966 to
1337 1928 1458 1966 Pam-

341 1996 500 2047 philus.)
535 1999 661 2035 Hem!
692 2010 809 2035 serva.
858 2002 920 2034 SI.
951 1995 1163 2045 Pzimphile.
1438 2011 1457 2042 5

134 2070 222 2103 DA.
263 2062 433 2114 (Aparl.)
470 2062 593 2109 Quasi
633 2063 680 2101 de
720 2062 916 2111 inproviso
957 2061 1102 2111 respice
1135 2061 1184 2099 ad
1214 2072 1314 2099 eum.
1370 2064 1456 2097 PA.

350 2128 473 2166 Ehem
505 2132 629 2178 pater!

134 2202 220 2234 DA.
262 2194 432 2246 (Aparl.)
471 2194 613 2232 Probe!
665 2199 727 2232 SI.
769 2193 899 2232 HOdie
934 2205 1094 2231 uxorem
1125 2191 1255 2239 dficas,
1291 2196 1331 2229 ut
1364 2190 1456 2237 dixi,

351 2260 448 2299 volo.
