<?xml version="1.0" encoding="UTF-8"?>
<!DOCTYPE html PUBLIC "-//W3C//DTD XHTML 1.0 Transitional//EN"
    "http://www.w3.org/TR/xhtml1/DTD/xhtml1-transitional.dtd">
<html xmlns="http://www.w3.org/1999/xhtml" xml:lang="en" lang="en">
 <head>
  <title>
</title>
<meta http-equiv="Content-Type" content="text/html;charset=utf-8" />
  <meta name='ocr-system' content='tesseract 3.04.00' />
  <meta name='ocr-capabilities' content='ocr_page ocr_carea ocr_par ocr_line ocrx_word'/>
</head>
<body>
  <div class='ocr_page' id='page_1' title='image "andriaterence00tere_0082.png"; bbox 0 0 1548 2489; ppageno 0'>
   <div class='ocr_carea' id='block_1_1' title="bbox 161 106 1482 153">
    <p class='ocr_par' dir='ltr' id='par_1_1' title="bbox 161 106 1482 153">
     <span class='ocr_line' id='line_1_1' title="bbox 161 106 1482 153; baseline -0.001 -11"><span class='ocrx_word' id='word_1_1' title='bbox 161 109 217 153; x_wconf 79' lang='lat'><strong>50</strong></span> <span class='ocrx_word' id='word_1_2' title='bbox 706 106 938 143; x_wconf 85' lang='lat' dir='ltr'><em>ANDRIA.</em></span> <span class='ocrx_word' id='word_1_3' title='bbox 1264 109 1305 142; x_wconf 88' lang='lat' dir='ltr'><strong>V.</strong></span> <span class='ocrx_word' id='word_1_4' title='bbox 1323 110 1352 142; x_wconf 77' lang='lat'><strong>4.</strong></span> <span class='ocrx_word' id='word_1_5' title='bbox 1371 109 1482 151; x_wconf 82' lang='lat'><strong>16-34.</strong></span> 
     </span>
    </p>
   </div>
   <div class='ocr_carea' id='block_1_2' title="bbox 162 215 1503 2294">
    <p class='ocr_par' dir='ltr' id='par_1_2' title="bbox 163 215 1485 332">
     <span class='ocr_line' id='line_1_2' title="bbox 163 215 1485 267; baseline 0 -12"><span class='ocrx_word' id='word_1_6' title='bbox 163 222 224 255; x_wconf 88' lang='lat' dir='ltr'><strong>SI.</strong></span> <span class='ocrx_word' id='word_1_7' title='bbox 253 215 519 267; x_wconf 63' lang='lat' dir='ltr'><strong>Sycophanta!</strong></span> <span class='ocrx_word' id='word_1_8' title='bbox 552 221 633 254; x_wconf 82' lang='lat' dir='ltr'><strong>CR.</strong></span> <span class='ocrx_word' id='word_1_9' title='bbox 665 216 789 254; x_wconf 83' lang='lat' dir='ltr'><strong>Hem!</strong></span> <span class='ocrx_word' id='word_1_10' title='bbox 825 222 912 254; x_wconf 85' lang='lat' dir='ltr'><strong>CH.</strong></span> <span class='ocrx_word' id='word_1_11' title='bbox 940 216 1013 263; x_wconf 80' lang='lat' dir='ltr'>Sic,</span> <span class='ocrx_word' id='word_1_12' title='bbox 1039 216 1158 263; x_wconf 74' lang='lat' dir='ltr'><strong>Crito,</strong></span> <span class='ocrx_word' id='word_1_13' title='bbox 1180 224 1235 255; x_wconf 87' lang='lat' dir='ltr'><strong>est</strong></span> <span class='ocrx_word' id='word_1_14' title='bbox 1254 217 1340 255; x_wconf 91' lang='lat' dir='ltr'>hic:</span> <span class='ocrx_word' id='word_1_15' title='bbox 1366 218 1485 255; x_wconf 78' lang='lat' dir='ltr'><strong>mitte.</strong></span> 
     </span>
     <span class='ocr_line' id='line_1_3' title="bbox 378 280 1176 332; baseline 0.001 -14"><span class='ocrx_word' id='word_1_16' title='bbox 378 287 459 319; x_wconf 83' lang='lat' dir='ltr'><strong>CR.</strong></span> <span class='ocrx_word' id='word_1_17' title='bbox 499 280 791 332; x_wconf 65' lang='lat' dir='ltr'><strong>(Indzgnantly.)</strong></span> <span class='ocrx_word' id='word_1_18' title='bbox 831 281 971 319; x_wconf 82' lang='lat' dir='ltr'><strong>Videat</strong></span> <span class='ocrx_word' id='word_1_19' title='bbox 999 283 1068 331; x_wconf 77' lang='lat' dir='ltr'><strong>qui</strong></span> <span class='ocrx_word' id='word_1_20' title='bbox 1095 282 1176 320; x_wconf 79' lang='lat' dir='ltr'><strong>siet.</strong></span> 
     </span>
    </p>

    <p class='ocr_par' dir='ltr' id='par_1_3' title="bbox 164 346 1488 398">
     <span class='ocr_line' id='line_1_4' title="bbox 164 346 1488 398; baseline 0.001 -13"><span class='ocrx_word' id='word_1_21' title='bbox 164 347 207 385; x_wconf 83' lang='lat' dir='ltr'><strong>S1&#39;</strong></span> <span class='ocrx_word' id='word_1_22' title='bbox 235 348 327 385; x_wconf 87' lang='lat' dir='ltr'>mihi</span> <span class='ocrx_word' id='word_1_23' title='bbox 347 353 479 397; x_wconf 86' lang='lat' dir='ltr'>perget</span> <span class='ocrx_word' id='word_1_24' title='bbox 499 346 600 397; x_wconf 69' lang='lat' dir='ltr'><strong>quae</strong></span> <span class='ocrx_word' id='word_1_25' title='bbox 619 348 696 385; x_wconf 87' lang='lat' dir='ltr'>volt</span> <span class='ocrx_word' id='word_1_26' title='bbox 717 348 854 393; x_wconf 85' lang='lat' dir='ltr'><strong>dicere,</strong></span> <span class='ocrx_word' id='word_1_27' title='bbox 876 347 922 385; x_wconf 85' lang='lat' dir='ltr'><strong>e&#39;a</strong></span> <span class='ocrx_word' id='word_1_28' title='bbox 941 360 1038 398; x_wconf 84' lang='lat' dir='ltr'><strong>quae</strong></span> <span class='ocrx_word' id='word_1_29' title='bbox 1061 360 1140 385; x_wconf 93' lang='lat' dir='ltr'><strong>non</strong></span> <span class='ocrx_word' id='word_1_30' title='bbox 1161 347 1238 386; x_wconf 88' lang='lat' dir='ltr'>volt</span> <span class='ocrx_word' id='word_1_31' title='bbox 1258 346 1395 387; x_wconf 73' lang='lat' dir='ltr'>audiet.</span> <span class='ocrx_word' id='word_1_32' title='bbox 1410 351 1488 386; x_wconf 86' lang='lat'><strong>920</strong></span> 
     </span>
    </p>

    <p class='ocr_par' dir='ltr' id='par_1_4' title="bbox 162 402 1489 517">
     <span class='ocr_line' id='line_1_5' title="bbox 162 402 1489 463; baseline 0.001 -13"><span class='ocrx_word' id='word_1_33' title='bbox 162 402 249 463; x_wconf 72' lang='lat' dir='ltr'><strong>Ego</strong></span> <span class='ocrx_word' id='word_1_34' title='bbox 279 415 397 451; x_wconf 74' lang='lat' dir='ltr'><strong>istaec</strong></span> <span class='ocrx_word' id='word_1_35' title='bbox 431 426 567 452; x_wconf 86' lang='lat' dir='ltr'>moveo</span> <span class='ocrx_word' id='word_1_36' title='bbox 598 420 663 451; x_wconf 86' lang='lat' dir='ltr'><strong>aut</strong></span> <span class='ocrx_word' id='word_1_37' title='bbox 695 412 814 451; x_wconf 70' lang='lat' dir='ltr'><strong>curo?</strong></span> <span class='ocrx_word' id='word_1_38' title='bbox 853 425 932 451; x_wconf 92' lang='lat' dir='ltr'><strong>non</strong></span> <span class='ocrx_word' id='word_1_39' title='bbox 964 419 1003 450; x_wconf 89' lang='lat' dir='ltr'><strong>tu</strong></span> <span class='ocrx_word' id='word_1_40' title='bbox 1035 413 1143 451; x_wconf 77' lang='lat' dir='ltr'><strong>tuom</strong></span> <span class='ocrx_word' id='word_1_41' title='bbox 1181 413 1326 452; x_wconf 87' lang='lat' dir='ltr'><strong>malum</strong></span> <span class='ocrx_word' id='word_1_42' title='bbox 1364 425 1489 463; x_wconf 87' lang='lat' dir='ltr'><strong>aequo</strong></span> 
     </span>
     <span class='ocr_line' id='line_1_6' title="bbox 378 478 665 517; baseline 0.003 -1"><span class='ocrx_word' id='word_1_43' title='bbox 378 478 509 517; x_wconf 79' lang='lat' dir='ltr'><strong>animo</strong></span> <span class='ocrx_word' id='word_1_44' title='bbox 538 479 665 517; x_wconf 66' lang='lat' dir='ltr'><strong>feres?</strong></span> 
     </span>
    </p>

    <p class='ocr_par' dir='ltr' id='par_1_5' title="bbox 163 543 1462 595">
     <span class='ocr_line' id='line_1_7' title="bbox 163 543 1462 595; baseline 0 -13"><span class='ocrx_word' id='word_1_45' title='bbox 163 544 267 582; x_wconf 85' lang='lat' dir='ltr'><strong>Nam</strong></span> <span class='ocrx_word' id='word_1_46' title='bbox 287 543 360 594; x_wconf 75' lang='lat' dir='ltr'><strong>ego</strong></span> <span class='ocrx_word' id='word_1_47' title='bbox 381 557 478 594; x_wconf 85' lang='lat' dir='ltr'><strong>quae</strong></span> <span class='ocrx_word' id='word_1_48' title='bbox 499 546 587 584; x_wconf 85' lang='lat' dir='ltr'>dico</span> <span class='ocrx_word' id='word_1_49' title='bbox 608 545 696 583; x_wconf 73' lang='lat' dir='ltr'><strong>vera</strong></span> <span class='ocrx_word' id='word_1_50' title='bbox 715 558 765 583; x_wconf 89' lang='lat' dir='ltr'><strong>an</strong></span> <span class='ocrx_word' id='word_1_51' title='bbox 784 545 880 584; x_wconf 84' lang='lat' dir='ltr'>falsa</span> <span class='ocrx_word' id='word_1_52' title='bbox 900 546 1099 592; x_wconf 74' lang='lat' dir='ltr'>audierim,</span> <span class='ocrx_word' id='word_1_53' title='bbox 1120 546 1198 584; x_wconf 85' lang='lat' dir='ltr'><strong>iam</strong></span> <span class='ocrx_word' id='word_1_54' title='bbox 1218 545 1308 585; x_wconf 77' lang='lat' dir='ltr'><strong>seiri</strong></span> <span class='ocrx_word' id='word_1_55' title='bbox 1326 551 1462 595; x_wconf 86' lang='lat' dir='ltr'><strong>potest.</strong></span> 
     </span>
    </p>

    <p class='ocr_par' dir='ltr' id='par_1_6' title="bbox 162 602 1492 661">
     <span class='ocr_line' id='line_1_8' title="bbox 162 602 1492 661; baseline -0.001 -13"><span class='ocrx_word' id='word_1_56' title='bbox 162 602 311 648; x_wconf 63' lang='lat' dir='ltr'>Atticus</span> <span class='ocrx_word' id='word_1_57' title='bbox 331 611 489 661; x_wconf 88' lang='lat' dir='ltr'>quidam</span> <span class='ocrx_word' id='word_1_58' title='bbox 509 611 601 649; x_wconf 81' lang='lat' dir='ltr'><strong>olim</strong></span> <span class='ocrx_word' id='word_1_59' title='bbox 621 623 715 648; x_wconf 84' lang='lat' dir='ltr'><strong>nave</strong></span> <span class='ocrx_word' id='word_1_60' title='bbox 737 610 856 649; x_wconf 56' lang='lat' dir='ltr'><strong>srfieta</strong></span> <span class='ocrx_word' id='word_1_61' title='bbox 875 611 924 649; x_wconf 83' lang='lat' dir='ltr'><strong>ad</strong></span> <span class='ocrx_word' id='word_1_62' title='bbox 944 611 1121 649; x_wconf 90' lang='lat' dir='ltr'><strong>Andrum</strong></span> <span class='ocrx_word' id='word_1_63' title='bbox 1142 612 1283 650; x_wconf 69' lang='lat' dir='ltr'><strong>eiectus</strong></span> <span class='ocrx_word' id='word_1_64' title='bbox 1302 617 1359 649; x_wconf 83' lang='lat' dir='ltr'><strong>est</strong></span> <span class='ocrx_word' id='word_1_65' title='bbox 1452 625 1492 647; x_wconf 89' lang='lat'><strong>20</strong></span> 
     </span>
    </p>

    <p class='ocr_par' dir='ltr' id='par_1_7' title="bbox 162 665 1447 727">
     <span class='ocr_line' id='line_1_9' title="bbox 162 665 1447 727; baseline 0 -14"><span class='ocrx_word' id='word_1_66' title='bbox 162 665 214 713; x_wconf 74' lang='lat' dir='ltr'><strong>Et</strong></span> <span class='ocrx_word' id='word_1_67' title='bbox 236 677 358 715; x_wconf 62' lang='lat' dir='ltr'><strong>istaec</strong></span> <span class='ocrx_word' id='word_1_68' title='bbox 387 688 465 715; x_wconf 86' lang='lat' dir='ltr'><strong>una</strong></span> <span class='ocrx_word' id='word_1_69' title='bbox 493 676 610 726; x_wconf 66' lang='lat' dir='ltr'><strong>pzirva</strong></span> <span class='ocrx_word' id='word_1_70' title='bbox 637 677 754 727; x_wconf 89' lang='lat' dir='ltr'><strong>virgo.</strong></span> <span class='ocrx_word' id='word_1_71' title='bbox 803 675 885 714; x_wconf 71' lang='lat' dir='ltr'><strong>turn</strong></span> <span class='ocrx_word' id='word_1_72' title='bbox 915 676 977 715; x_wconf 88' lang='lat' dir='ltr'><strong>ille</strong></span> <span class='ocrx_word' id='word_1_73' title='bbox 1004 690 1122 726; x_wconf 88' lang='lat' dir='ltr'><strong>egens</strong></span> <span class='ocrx_word' id='word_1_74' title='bbox 1152 677 1249 715; x_wconf 88' lang='lat' dir='ltr'><strong>forte</strong></span> <span class='ocrx_word' id='word_1_75' title='bbox 1278 675 1447 727; x_wconf 67' lang='lat' dir='ltr'>aidplicat</span> 
     </span>
    </p>

    <p class='ocr_par' dir='ltr' id='par_1_8' title="bbox 163 741 1493 858">
     <span class='ocr_line' id='line_1_10' title="bbox 163 741 1493 793; baseline -0.002 -13"><span class='ocrx_word' id='word_1_76' title='bbox 163 741 334 780; x_wconf 87' lang='lat' dir='ltr'><strong>Primum</strong></span> <span class='ocrx_word' id='word_1_77' title='bbox 358 742 407 780; x_wconf 88' lang='lat' dir='ltr'><strong>ad</strong></span> <span class='ocrx_word' id='word_1_78' title='bbox 428 741 625 792; x_wconf 72' lang='lat' dir='ltr'>Chrysidis</span> <span class='ocrx_word' id='word_1_79' title='bbox 649 749 796 792; x_wconf 85' lang='lat' dir='ltr'><strong>patrem</strong></span> <span class='ocrx_word' id='word_1_80' title='bbox 816 755 867 780; x_wconf 87' lang='lat' dir='ltr'><strong>se.</strong></span> <span class='ocrx_word' id='word_1_81' title='bbox 916 748 978 780; x_wconf 88' lang='lat' dir='ltr'><strong>SI.</strong></span> <span class='ocrx_word' id='word_1_82' title='bbox 1000 741 1275 793; x_wconf 77' lang='lat' dir='ltr'><em>(Insullz’ngly.)</em></span> <span class='ocrx_word' id='word_1_83' title='bbox 1305 741 1493 780; x_wconf 65' lang='lat' dir='ltr'><strong>Fa&#39;tbulam</strong></span> 
     </span>
     <span class='ocr_line' id='line_1_11' title="bbox 379 808 1492 858; baseline 0 -13"><span class='ocrx_word' id='word_1_84' title='bbox 379 808 556 858; x_wconf 48' lang='lat' dir='ltr'><strong>inceptat.</strong></span> <span class='ocrx_word' id='word_1_85' title='bbox 616 813 702 846; x_wconf 81' lang='lat' dir='ltr'><strong>CH.</strong></span> <span class='ocrx_word' id='word_1_86' title='bbox 735 808 835 846; x_wconf 87' lang='lat' dir='ltr'><strong>Sine.</strong></span> <span class='ocrx_word' id='word_1_87' title='bbox 1415 809 1492 845; x_wconf 89' lang='grc'><strong>925</strong></span> 
     </span>
    </p>

    <p class='ocr_par' dir='ltr' id='par_1_9' title="bbox 166 864 1494 990">
     <span class='ocr_line' id='line_1_12' title="bbox 166 864 1494 924; baseline -0.002 -12"><span class='ocrx_word' id='word_1_88' title='bbox 166 879 245 912; x_wconf 84' lang='lat' dir='ltr'><strong>CR.</strong></span> <span class='ocrx_word' id='word_1_89' title='bbox 277 864 387 911; x_wconf 73' lang='lat' dir='ltr'><strong>stane</strong></span> <span class='ocrx_word' id='word_1_90' title='bbox 416 886 504 912; x_wconf 87' lang='lat' dir='ltr'><strong>vero</strong></span> <span class='ocrx_word' id='word_1_91' title='bbox 532 872 736 913; x_wconf 66' lang='lat' dir='ltr'><strong>obturbat?</strong></span> <span class='ocrx_word' id='word_1_92' title='bbox 788 880 876 913; x_wconf 86' lang='lat' dir='ltr'><strong>CH.</strong></span> <span class='ocrx_word' id='word_1_93' title='bbox 906 874 1037 924; x_wconf 88' lang='lat' dir='ltr'><strong>Perge.</strong></span> <span class='ocrx_word' id='word_1_94' title='bbox 1096 880 1177 914; x_wconf 84' lang='lat' dir='ltr'><strong>CR.</strong></span> <span class='ocrx_word' id='word_1_95' title='bbox 1208 874 1312 912; x_wconf 91' lang='lat' dir='ltr'><strong>Tum</strong></span> <span class='ocrx_word' id='word_1_96' title='bbox 1341 874 1374 912; x_wconf 77' lang='lat' dir='ltr'>is</span> <span class='ocrx_word' id='word_1_97' title='bbox 1401 873 1494 911; x_wconf 88' lang='lat' dir='ltr'>mihi</span> 
     </span>
     <span class='ocr_line' id='line_1_13' title="bbox 381 939 677 990; baseline 0 -12"><span class='ocrx_word' id='word_1_98' title='bbox 381 939 569 990; x_wconf 78' lang='lat' dir='ltr'><strong>cognatus</strong></span> <span class='ocrx_word' id='word_1_99' title='bbox 597 940 677 986; x_wconf 89' lang='lat' dir='ltr'>fuit,</span> 
     </span>
    </p>

    <p class='ocr_par' dir='ltr' id='par_1_10' title="bbox 167 997 1493 1057">
     <span class='ocr_line' id='line_1_14' title="bbox 167 997 1493 1057; baseline 0.001 -13"><span class='ocrx_word' id='word_1_100' title='bbox 167 1006 243 1053; x_wconf 92' lang='lat' dir='ltr'>Qui</span> <span class='ocrx_word' id='word_1_101' title='bbox 275 1005 366 1045; x_wconf 77' lang='lat' dir='ltr'><strong>elim</strong></span> <span class='ocrx_word' id='word_1_102' title='bbox 396 1007 550 1056; x_wconf 82' lang='lat' dir='ltr'><strong>recepit.</strong></span> <span class='ocrx_word' id='word_1_103' title='bbox 593 1007 644 1044; x_wconf 77' lang='lat' dir='ltr'><strong>ibi</strong></span> <span class='ocrx_word' id='word_1_104' title='bbox 673 1019 747 1057; x_wconf 89' lang='lat' dir='ltr'><strong>ego</strong></span> <span class='ocrx_word' id='word_1_105' title='bbox 776 1006 902 1045; x_wconf 81' lang='lat' dir='ltr'>audivi</span> <span class='ocrx_word' id='word_1_106' title='bbox 930 1020 976 1045; x_wconf 88' lang='lat' dir='ltr'><strong>ex</strong></span> <span class='ocrx_word' id='word_1_107' title='bbox 1002 1006 1066 1045; x_wconf 76' lang='lat' dir='ltr'><strong>illo</strong></span> <span class='ocrx_word' id='word_1_108' title='bbox 1091 1019 1175 1045; x_wconf 82' lang='lat' dir='ltr'><strong>sese</strong></span> <span class='ocrx_word' id='word_1_109' title='bbox 1204 1019 1287 1045; x_wconf 85' lang='lat' dir='ltr'><strong>esse</strong></span> <span class='ocrx_word' id='word_1_110' title='bbox 1311 997 1493 1045; x_wconf 65' lang='lat' dir='ltr'><strong>Atticum.</strong></span> 
     </span>
    </p>

    <p class='ocr_par' dir='ltr' id='par_1_11' title="bbox 166 1062 1496 1189">
     <span class='ocr_line' id='line_1_15' title="bbox 166 1062 1496 1123; baseline -0.001 -13"><span class='ocrx_word' id='word_1_111' title='bbox 166 1062 207 1110; x_wconf 73' lang='lat' dir='ltr'><strong>ss</strong></span> <span class='ocrx_word' id='word_1_112' title='bbox 228 1072 279 1110; x_wconf 92' lang='lat' dir='ltr'><strong>ibi</strong></span> <span class='ocrx_word' id='word_1_113' title='bbox 299 1072 496 1110; x_wconf 69' lang='lat' dir='ltr'><strong>mortuost.</strong></span> <span class='ocrx_word' id='word_1_114' title='bbox 538 1078 624 1110; x_wconf 86' lang='lat' dir='ltr'><strong>CH.</strong></span> <span class='ocrx_word' id='word_1_115' title='bbox 657 1071 871 1123; x_wconf 70' lang='lat' dir='ltr'><strong>(Eagergy.)</strong></span> <span class='ocrx_word' id='word_1_116' title='bbox 901 1073 995 1111; x_wconf 86' lang='lat' dir='ltr'>Eius</span> <span class='ocrx_word' id='word_1_117' title='bbox 1019 1075 1195 1111; x_wconf 65' lang='lat' dir='ltr'><strong>nornen?</strong></span> <span class='ocrx_word' id='word_1_118' title='bbox 1227 1078 1308 1111; x_wconf 84' lang='lat' dir='ltr'><strong>CR.</strong></span> <span class='ocrx_word' id='word_1_119' title='bbox 1338 1071 1496 1110; x_wconf 73' lang='lat' dir='ltr'><strong>Nomen</strong></span> 
     </span>
     <span class='ocr_line' id='line_1_16' title="bbox 382 1137 1493 1189; baseline 0 -14"><span class='ocrx_word' id='word_1_120' title='bbox 382 1144 460 1176; x_wconf 85' lang='lat' dir='ltr'><strong>tam</strong></span> <span class='ocrx_word' id='word_1_121' title='bbox 485 1138 560 1176; x_wconf 73' lang='lat' dir='ltr'>cito</span> <span class='ocrx_word' id='word_1_122' title='bbox 589 1138 686 1176; x_wconf 88' lang='lat' dir='ltr'>tibi?</span> <span class='ocrx_word' id='word_1_123' title='bbox 728 1143 814 1176; x_wconf 87' lang='lat' dir='ltr'><strong>PA.</strong></span> <span class='ocrx_word' id='word_1_124' title='bbox 844 1137 1005 1189; x_wconf 80' lang='lat' dir='ltr'><strong>(Aside.)</strong></span> <span class='ocrx_word' id='word_1_125' title='bbox 1035 1138 1151 1184; x_wconf 89' lang='lat' dir='ltr'><strong>Hem,</strong></span> <span class='ocrx_word' id='word_1_126' title='bbox 1456 1152 1493 1184; x_wconf 85' lang='lat'><strong>25</strong></span> 
     </span>
    </p>

    <p class='ocr_par' dir='ltr' id='par_1_12' title="bbox 167 1202 1495 1315">
     <span class='ocr_line' id='line_1_17' title="bbox 167 1202 1495 1254; baseline 0 -13"><span class='ocrx_word' id='word_1_127' title='bbox 167 1203 290 1242; x_wconf 78' lang='lat' dir='ltr'><strong>Perii?</strong></span> <span class='ocrx_word' id='word_1_128' title='bbox 335 1209 417 1242; x_wconf 85' lang='lat' dir='ltr'><strong>GR.</strong></span> <span class='ocrx_word' id='word_1_129' title='bbox 461 1203 606 1242; x_wconf 88' lang='lat' dir='ltr'><strong>Verum</strong></span> <span class='ocrx_word' id='word_1_130' title='bbox 646 1203 772 1242; x_wconf 91' lang='lat' dir='ltr'><strong>hercle</strong></span> <span class='ocrx_word' id='word_1_131' title='bbox 820 1204 959 1254; x_wconf 80' lang='lat' dir='ltr'><strong>opinor</strong></span> <span class='ocrx_word' id='word_1_132' title='bbox 1006 1203 1119 1242; x_wconf 83' lang='lat' dir='ltr'><strong>fuisse</strong></span> <span class='ocrx_word' id='word_1_133' title='bbox 1167 1202 1376 1242; x_wconf 68' lang='lat' dir='ltr'>Phainiam:</span> <span class='ocrx_word' id='word_1_134' title='bbox 1422 1202 1495 1242; x_wconf 90' lang='lat' dir='ltr'><strong>hoc</strong></span> 
     </span>
     <span class='ocr_line' id='line_1_18' title="bbox 382 1269 607 1315; baseline -0.009 -7"><span class='ocrx_word' id='word_1_135' title='bbox 382 1269 484 1308; x_wconf 79' lang='lat' dir='ltr'><strong>certo</strong></span> <span class='ocrx_word' id='word_1_136' title='bbox 515 1270 607 1315; x_wconf 83' lang='lat' dir='ltr'>scio,</span> 
     </span>
    </p>

    <p class='ocr_par' dir='ltr' id='par_1_13' title="bbox 168 1334 1497 1452">
     <span class='ocr_line' id='line_1_19' title="bbox 168 1334 1497 1386; baseline -0.001 -13"><span class='ocrx_word' id='word_1_137' title='bbox 168 1334 449 1374; x_wconf 66' lang='lat' dir='ltr'><strong>Rhamnusium</strong></span> <span class='ocrx_word' id='word_1_138' title='bbox 478 1347 519 1374; x_wconf 87' lang='lat' dir='ltr'><strong>se</strong></span> <span class='ocrx_word' id='word_1_139' title='bbox 548 1335 673 1373; x_wconf 72' lang='lat' dir='ltr'><strong>aiebat</strong></span> <span class='ocrx_word' id='word_1_140' title='bbox 704 1348 799 1374; x_wconf 82' lang='lat' dir='ltr'><strong>esse.</strong></span> <span class='ocrx_word' id='word_1_141' title='bbox 844 1341 932 1374; x_wconf 85' lang='lat' dir='ltr'><strong>CH.</strong></span> <span class='ocrx_word' id='word_1_142' title='bbox 958 1334 1100 1386; x_wconf 81' lang='lat' dir='ltr'><strong>(Aside,</strong></span> <span class='ocrx_word' id='word_1_143' title='bbox 1121 1336 1186 1373; x_wconf 78' lang='lat' dir='ltr'><strong>but</strong></span> <span class='ocrx_word' id='word_1_144' title='bbox 1202 1335 1308 1373; x_wconf 80' lang='lat' dir='ltr'><strong>much</strong></span> <span class='ocrx_word' id='word_1_145' title='bbox 1327 1334 1497 1385; x_wconf 79' lang='lat' dir='ltr'><strong>excz&#39;led.)</strong></span> 
     </span>
     <span class='ocr_line' id='line_1_20' title="bbox 385 1400 1497 1452; baseline -0.001 -12"><span class='ocrx_word' id='word_1_146' title='bbox 385 1401 421 1440; x_wconf 91' lang='lat' dir='ltr'>O</span> <span class='ocrx_word' id='word_1_147' title='bbox 452 1400 638 1452; x_wconf 77' lang='lat' dir='ltr'><strong>Iuppiter!</strong></span> <span class='ocrx_word' id='word_1_148' title='bbox 691 1407 771 1440; x_wconf 83' lang='lat' dir='ltr'><strong>CR.</strong></span> <span class='ocrx_word' id='word_1_149' title='bbox 801 1401 950 1440; x_wconf 84' lang='lat' dir='ltr'><strong>Eadem</strong></span> <span class='ocrx_word' id='word_1_150' title='bbox 981 1401 1086 1448; x_wconf 73' lang='lat' dir='ltr'><strong>haec,</strong></span> <span class='ocrx_word' id='word_1_151' title='bbox 1117 1401 1293 1447; x_wconf 88' lang='lat' dir='ltr'><strong>Chreme,</strong></span> <span class='ocrx_word' id='word_1_152' title='bbox 1419 1405 1497 1439; x_wconf 87' lang='grc'><strong>930</strong></span> 
     </span>
    </p>

    <p class='ocr_par' dir='ltr' id='par_1_14' title="bbox 169 1465 1498 1583">
     <span class='ocr_line' id='line_1_21' title="bbox 169 1465 1498 1519; baseline 0 -15"><span class='ocrx_word' id='word_1_153' title='bbox 169 1466 280 1506; x_wconf 87' lang='lat' dir='ltr'>Multi</span> <span class='ocrx_word' id='word_1_154' title='bbox 309 1467 371 1505; x_wconf 68' lang='lat' dir='ltr'>aiiii</span> <span class='ocrx_word' id='word_1_155' title='bbox 401 1468 440 1504; x_wconf 90' lang='lat' dir='ltr'><strong>in</strong></span> <span class='ocrx_word' id='word_1_156' title='bbox 469 1467 605 1505; x_wconf 90' lang='lat' dir='ltr'>Andro</span> <span class='ocrx_word' id='word_1_157' title='bbox 635 1467 824 1505; x_wconf 79' lang='lat' dir='ltr'><strong>audivere.</strong></span> <span class='ocrx_word' id='word_1_158' title='bbox 866 1473 953 1505; x_wconf 86' lang='lat' dir='ltr'><strong>CH.</strong></span> <span class='ocrx_word' id='word_1_159' title='bbox 984 1466 1146 1519; x_wconf 77' lang='lat' dir='ltr'><strong>(Aside.)</strong></span> <span class='ocrx_word' id='word_1_160' title='bbox 1188 1466 1345 1504; x_wconf 86' lang='lat' dir='ltr'><strong>Vtinam</strong></span> <span class='ocrx_word' id='word_1_161' title='bbox 1374 1465 1413 1504; x_wconf 92' lang='lat' dir='ltr'>id</span> <span class='ocrx_word' id='word_1_162' title='bbox 1438 1466 1498 1512; x_wconf 78' lang='lat' dir='ltr'>sit,</span> 
     </span>
     <span class='ocr_line' id='line_1_22' title="bbox 384 1531 1228 1583; baseline -0.001 -13"><span class='ocrx_word' id='word_1_163' title='bbox 384 1533 488 1583; x_wconf 89' lang='lat' dir='ltr'><strong>quod</strong></span> <span class='ocrx_word' id='word_1_164' title='bbox 517 1545 640 1582; x_wconf 83' lang='lat' dir='ltr'><strong>spero.</strong></span> <span class='ocrx_word' id='word_1_165' title='bbox 698 1532 869 1583; x_wconf 83' lang='lat' dir='ltr'><strong>(Aloud.)</strong></span> <span class='ocrx_word' id='word_1_166' title='bbox 917 1532 1002 1579; x_wconf 87' lang='lat' dir='ltr'><strong>eho,</strong></span> <span class='ocrx_word' id='word_1_167' title='bbox 1034 1533 1095 1571; x_wconf 84' lang='lat' dir='ltr'>dic</span> <span class='ocrx_word' id='word_1_168' title='bbox 1124 1531 1228 1578; x_wconf 87' lang='lat' dir='ltr'>mihi,</span> 
     </span>
    </p>

    <p class='ocr_par' dir='ltr' id='par_1_15' title="bbox 169 1597 1498 1714">
     <span class='ocr_line' id='line_1_23' title="bbox 169 1597 1498 1646; baseline -0.001 -9"><span class='ocrx_word' id='word_1_169' title='bbox 169 1598 276 1646; x_wconf 87' lang='lat' dir='ltr'>Quid</span> <span class='ocrx_word' id='word_1_170' title='bbox 316 1597 401 1637; x_wconf 63' lang='lat' dir='ltr'><strong>eitm</strong></span> <span class='ocrx_word' id='word_1_171' title='bbox 453 1600 561 1637; x_wconf 88' lang='lat' dir='ltr'><strong>turn?</strong></span> <span class='ocrx_word' id='word_1_172' title='bbox 608 1611 767 1636; x_wconf 85' lang='lat' dir='ltr'><strong>suamne</strong></span> <span class='ocrx_word' id='word_1_173' title='bbox 814 1611 897 1637; x_wconf 85' lang='lat' dir='ltr'><strong>esse</strong></span> <span class='ocrx_word' id='word_1_174' title='bbox 944 1599 1074 1636; x_wconf 84' lang='lat' dir='ltr'>aibat?</span> <span class='ocrx_word' id='word_1_175' title='bbox 1124 1603 1204 1636; x_wconf 87' lang='lat' dir='ltr'><strong>CR.</strong></span> <span class='ocrx_word' id='word_1_176' title='bbox 1249 1597 1352 1636; x_wconf 91' lang='lat' dir='ltr'><strong>Non.</strong></span> <span class='ocrx_word' id='word_1_177' title='bbox 1412 1603 1498 1636; x_wconf 85' lang='lat' dir='ltr'><strong>CH.</strong></span> 
     </span>
     <span class='ocr_line' id='line_1_24' title="bbox 385 1663 1180 1714; baseline -0.003 -12"><span class='ocrx_word' id='word_1_178' title='bbox 385 1663 556 1711; x_wconf 83' lang='lat' dir='ltr'>Quoiam</span> <span class='ocrx_word' id='word_1_179' title='bbox 584 1664 727 1714; x_wconf 75' lang='lat' dir='ltr'><strong>igitur?</strong></span> <span class='ocrx_word' id='word_1_180' title='bbox 764 1669 846 1702; x_wconf 85' lang='lat' dir='ltr'><strong>CR.</strong></span> <span class='ocrx_word' id='word_1_181' title='bbox 876 1663 1015 1701; x_wconf 79' lang='lat' dir='ltr'>Fratris</span> <span class='ocrx_word' id='word_1_182' title='bbox 1046 1663 1180 1701; x_wconf 75' lang='lat' dir='ltr'>filiam.</span> 
     </span>
    </p>

    <p class='ocr_par' dir='ltr' id='par_1_16' title="bbox 171 1720 1501 1847">
     <span class='ocr_line' id='line_1_25' title="bbox 171 1720 1499 1777; baseline -0.001 -8"><span class='ocrx_word' id='word_1_183' title='bbox 171 1736 256 1769; x_wconf 87' lang='lat' dir='ltr'><strong>CH.</strong></span> <span class='ocrx_word' id='word_1_184' title='bbox 290 1730 402 1769; x_wconf 74' lang='lat' dir='ltr'><strong>Certe</strong></span> <span class='ocrx_word' id='word_1_185' title='bbox 435 1737 567 1768; x_wconf 84' lang='lat' dir='ltr'><strong>meast.</strong></span> <span class='ocrx_word' id='word_1_186' title='bbox 626 1735 707 1768; x_wconf 82' lang='lat' dir='ltr'><strong>CR.</strong></span> <span class='ocrx_word' id='word_1_187' title='bbox 738 1730 844 1777; x_wconf 89' lang='lat' dir='ltr'>Quid</span> <span class='ocrx_word' id='word_1_188' title='bbox 873 1720 959 1768; x_wconf 77' lang='lat' dir='ltr'>a&#39;i&#39;s?</span> <span class='ocrx_word' id='word_1_189' title='bbox 999 1735 1060 1768; x_wconf 85' lang='lat' dir='ltr'><strong>SI.</strong></span> <span class='ocrx_word' id='word_1_190' title='bbox 1091 1729 1196 1776; x_wconf 86' lang='lat' dir='ltr'>Quid</span> <span class='ocrx_word' id='word_1_191' title='bbox 1224 1729 1264 1767; x_wconf 74' lang='lat' dir='ltr'><strong>tii</strong></span> <span class='ocrx_word' id='word_1_192' title='bbox 1294 1731 1377 1768; x_wconf 77' lang='lat' dir='ltr'>ai&#39;s?</span> <span class='ocrx_word' id='word_1_193' title='bbox 1415 1734 1499 1768; x_wconf 88' lang='lat' dir='ltr'><strong>PA.</strong></span> 
     </span>
     <span class='ocr_line' id='line_1_26' title="bbox 386 1786 1501 1847; baseline -0.002 -13"><span class='ocrx_word' id='word_1_194' title='bbox 386 1795 548 1847; x_wconf 82' lang='lat' dir='ltr'><strong>(Aside.)</strong></span> <span class='ocrx_word' id='word_1_195' title='bbox 589 1786 726 1845; x_wconf 63' lang='lat' dir='ltr'><strong>Arrige</strong></span> <span class='ocrx_word' id='word_1_196' title='bbox 755 1796 867 1842; x_wconf 86' lang='lat' dir='ltr'><strong>auris,</strong></span> <span class='ocrx_word' id='word_1_197' title='bbox 896 1795 1107 1845; x_wconf 51' lang='lat' dir='ltr'><strong>Pamphile.</strong></span> <span class='ocrx_word' id='word_1_198' title='bbox 1460 1810 1501 1841; x_wconf 79' lang='lat'><strong>30</strong></span> 
     </span>
    </p>

    <p class='ocr_par' dir='ltr' id='par_1_17' title="bbox 171 1860 1500 1965">
     <span class='ocr_line' id='line_1_27' title="bbox 171 1860 1500 1909; baseline -0.002 -9"><span class='ocrx_word' id='word_1_199' title='bbox 171 1868 231 1900; x_wconf 84' lang='lat' dir='ltr'><strong>SI.</strong></span> <span class='ocrx_word' id='word_1_200' title='bbox 262 1860 341 1909; x_wconf 88' lang='lat' dir='ltr'>Qui</span> <span class='ocrx_word' id='word_1_201' title='bbox 381 1861 532 1900; x_wconf 74' lang='lat' dir='ltr'><strong>credis?</strong></span> <span class='ocrx_word' id='word_1_202' title='bbox 574 1867 661 1899; x_wconf 88' lang='lat' dir='ltr'><strong>CH.</strong></span> <span class='ocrx_word' id='word_1_203' title='bbox 693 1860 839 1899; x_wconf 83' lang='lat' dir='ltr'>Phania</span> <span class='ocrx_word' id='word_1_204' title='bbox 881 1861 958 1900; x_wconf 80' lang='lat' dir='ltr'>illic</span> <span class='ocrx_word' id='word_1_205' title='bbox 1000 1861 1113 1900; x_wconf 84' lang='lat' dir='ltr'><strong>frater</strong></span> <span class='ocrx_word' id='word_1_206' title='bbox 1154 1860 1264 1900; x_wconf 70' lang='lat' dir='ltr'><strong>meus</strong></span> <span class='ocrx_word' id='word_1_207' title='bbox 1297 1860 1377 1899; x_wconf 89' lang='lat' dir='ltr'>fuit.</span> <span class='ocrx_word' id='word_1_208' title='bbox 1437 1865 1500 1899; x_wconf 85' lang='lat' dir='ltr'><strong>SI.</strong></span> 
     </span>
     <span class='ocr_line' id='line_1_28' title="bbox 389 1926 724 1965; baseline 0 0"><span class='ocrx_word' id='word_1_209' title='bbox 389 1927 537 1965; x_wconf 85' lang='lat' dir='ltr'><strong>Noram</strong></span> <span class='ocrx_word' id='word_1_210' title='bbox 567 1926 604 1965; x_wconf 72' lang='lat' dir='ltr'><strong>et</strong></span> <span class='ocrx_word' id='word_1_211' title='bbox 633 1927 724 1965; x_wconf 86' lang='lat' dir='ltr'>scio.</span> 
     </span>
    </p>

    <p class='ocr_par' dir='ltr' id='par_1_18' title="bbox 172 1990 1502 2107">
     <span class='ocr_line' id='line_1_29' title="bbox 172 1990 1502 2043; baseline -0.002 -12"><span class='ocrx_word' id='word_1_212' title='bbox 172 1998 258 2031; x_wconf 86' lang='lat' dir='ltr'><strong>CH.</strong></span> <span class='ocrx_word' id='word_1_213' title='bbox 290 1992 329 2031; x_wconf 89' lang='lat' dir='ltr'><strong>Is</strong></span> <span class='ocrx_word' id='word_1_214' title='bbox 359 1992 503 2030; x_wconf 74' lang='lat' dir='ltr'><strong>bellum</strong></span> <span class='ocrx_word' id='word_1_215' title='bbox 538 1992 627 2030; x_wconf 89' lang='lat' dir='ltr'>hinc</span> <span class='ocrx_word' id='word_1_216' title='bbox 665 1992 819 2041; x_wconf 85' lang='lat' dir='ltr'><strong>fugiens</strong></span> <span class='ocrx_word' id='word_1_217' title='bbox 853 1991 992 2043; x_wconf 74' lang='lat' dir='ltr'><strong>meque</strong></span> <span class='ocrx_word' id='word_1_218' title='bbox 1026 1993 1064 2030; x_wconf 86' lang='lat' dir='ltr'><strong>in</strong></span> <span class='ocrx_word' id='word_1_219' title='bbox 1094 1991 1228 2030; x_wconf 87' lang='lat' dir='ltr'><strong>Asiam</strong></span> <span class='ocrx_word' id='word_1_220' title='bbox 1265 1990 1502 2043; x_wconf 70' lang='lat' dir='ltr'><strong>persequens</strong></span> 
     </span>
     <span class='ocr_line' id='line_1_30' title="bbox 390 2058 1500 2107; baseline 0 -11"><span class='ocrx_word' id='word_1_221' title='bbox 390 2058 665 2107; x_wconf 75' lang='lat' dir='ltr'>proficiscitur:</span> <span class='ocrx_word' id='word_1_222' title='bbox 1423 2061 1500 2096; x_wconf 89' lang='lat'><strong>935</strong></span> 
     </span>
    </p>

    <p class='ocr_par' dir='ltr' id='par_1_19' title="bbox 173 2121 1502 2174">
     <span class='ocr_line' id='line_1_31' title="bbox 173 2121 1502 2174; baseline -0.001 -12"><span class='ocrx_word' id='word_1_223' title='bbox 173 2123 277 2162; x_wconf 92' lang='lat' dir='ltr'><strong>Turn</strong></span> <span class='ocrx_word' id='word_1_224' title='bbox 291 2122 393 2162; x_wconf 57' lang='lat' dir='ltr'>illam</span> <span class='ocrx_word' id='word_1_225' title='bbox 406 2124 617 2174; x_wconf 89' lang='lat' dir='ltr'><strong>relinquere</strong></span> <span class='ocrx_word' id='word_1_226' title='bbox 626 2123 687 2161; x_wconf 70' lang='lat' dir='ltr'><strong>hic</strong></span> <span class='ocrx_word' id='word_1_227' title='bbox 695 2124 907 2162; x_wconf 86' lang='lat' dir='ltr'><strong>estveritus.</strong></span> <span class='ocrx_word' id='word_1_228' title='bbox 921 2123 1083 2174; x_wconf 72' lang='lat' dir='ltr'>postilla</span> <span class='ocrx_word' id='word_1_229' title='bbox 1094 2136 1198 2162; x_wconf 90' lang='lat' dir='ltr'><strong>nunc</strong></span> <span class='ocrx_word' id='word_1_230' title='bbox 1212 2123 1378 2174; x_wconf 87' lang='lat' dir='ltr'><strong>primum</strong></span> <span class='ocrx_word' id='word_1_231' title='bbox 1387 2121 1502 2162; x_wconf 72' lang='lat' dir='ltr'>audio</span> 
     </span>
    </p>

    <p class='ocr_par' dir='ltr' id='par_1_20' title="bbox 174 2188 1503 2294">
     <span class='ocr_line' id='line_1_32' title="bbox 174 2188 1503 2241; baseline -0.001 -14"><span class='ocrx_word' id='word_1_232' title='bbox 174 2189 281 2237; x_wconf 89' lang='lat' dir='ltr'>Quid</span> <span class='ocrx_word' id='word_1_233' title='bbox 305 2190 370 2228; x_wconf 64' lang='lat'><strong>1116</strong></span> <span class='ocrx_word' id='word_1_234' title='bbox 400 2190 447 2228; x_wconf 87' lang='lat' dir='ltr'>sit</span> <span class='ocrx_word' id='word_1_235' title='bbox 476 2190 629 2228; x_wconf 87' lang='lat' dir='ltr'><strong>sactum.</strong></span> <span class='ocrx_word' id='word_1_236' title='bbox 679 2194 762 2227; x_wconf 87' lang='lat' dir='ltr'><strong>PA.</strong></span> <span class='ocrx_word' id='word_1_237' title='bbox 793 2189 954 2241; x_wconf 69' lang='lat' dir='ltr'><strong>(Aside.)</strong></span> <span class='ocrx_word' id='word_1_238' title='bbox 983 2189 1061 2227; x_wconf 72' lang='lat' dir='ltr'><strong>Vix</strong></span> <span class='ocrx_word' id='word_1_239' title='bbox 1091 2202 1177 2227; x_wconf 87' lang='lat' dir='ltr'><strong>sum</strong></span> <span class='ocrx_word' id='word_1_240' title='bbox 1205 2190 1309 2239; x_wconf 84' lang='lat' dir='ltr'>apud</span> <span class='ocrx_word' id='word_1_241' title='bbox 1337 2201 1421 2227; x_wconf 81' lang='lat' dir='ltr'><strong>me:</strong></span> <span class='ocrx_word' id='word_1_242' title='bbox 1449 2188 1503 2226; x_wconf 84' lang='lat' dir='ltr'>ita</span> 
     </span>
     <span class='ocr_line' id='line_1_33' title="bbox 390 2253 934 2294; baseline 0.002 -2"><span class='ocrx_word' id='word_1_243' title='bbox 390 2255 541 2293; x_wconf 58' lang='lat' dir='ltr'><strong>finimus</strong></span> <span class='ocrx_word' id='word_1_244' title='bbox 570 2253 802 2294; x_wconf 75' lang='lat' dir='ltr'><strong>connnouist</strong></span> <span class='ocrx_word' id='word_1_245' title='bbox 830 2262 934 2293; x_wconf 77' lang='lat' dir='ltr'><strong>metu</strong></span> 
     </span>
    </p>
   </div>
  </div>
 </body>
</html>
