1548 2489
101 132 128 164 1.
146 133 176 165 5.
193 141 290 173 3-23.
648 130 881 168 ANDRJA.
1370 140 1418 182 13

99 237 271 275 Vxerem
299 236 469 276 decrera‘tt
498 237 587 275 dare
617 250 700 276 sese
730 240 782 275 mi
812 239 952 277 hedie:
984 252 1115 278 nonne
1144 240 1312 290 opertuit

99 302 312 341 Praescisse
341 315 404 340 me
434 305 546 341 ante?
577 303 709 341 nenne
739 305 843 354 prius
867 304 1195 343 commfinicatum
1225 306 1418 355 opertuit?

97 372 197 406 MY.
226 367 386 419 (Aside.)
416 368 599 407 Miserem
629 381 703 416 me,
733 370 838 419 quod
867 371 1024 407 verbum
1055 369 1200 409 alidio?
1265 388 1282 419 5
1341 375 1418 409 240

98 438 183 472 PA.
225 433 356 481 Quid?
391 433 587 480 Chremes,
608 435 673 484 qui
701 434 909 484 denegarat
936 435 975 474 se
1002 435 1300 475 commissurum
1326 437 1419 474 mihi

98 498 266 537 Gnetam
304 512 414 538 suam
453 511 625 546 uxorem,
669 500 707 537 id
746 501 914 546 mutavit,
956 502 1047 551 quia
1088 513 1151 539 me
1190 500 1419 540 inmutatum

311 565 436 603 videt?

96 629 205 669 Itane
244 629 433 668 6bstinate
473 629 631 679 operem
665 629 741 676 dat,
776 637 815 668 ut
856 643 917 668 me
957 643 980 669 a
1020 630 1199 682 Glycerio
1238 633 1417 671 miserum

310 695 531 734 abstrahat?

95 760 213 807 Quod
241 761 275 799 si
304 761 356 808 fit,
385 773 501 810 pereo
531 759 712 800 fenditus.

94 818 235 865 Adeon
263 826 461 864 hominem
483 838 567 863 esse
595 827 840 864 invenustum
863 834 925 866 aut
955 827 1142 868 infelicem
1169 828 1416 880 quemquam,

308 898 349 929 ut
377 903 451 940 ego
480 893 589 929 sum!
1244 911 1281 933 10
1338 897 1414 932 245

94 956 168 994 Pr6
198 956 312 995 deum
341 963 455 1006 atque
485 956 687 994 homimim
717 957 854 996 fidem!

94 1021 239 1060 Nullon
268 1034 341 1071 ego
372 1021 586 1060 Chremetis
616 1029 730 1072 pacto
760 1023 999 1061 adfinitatem
1029 1023 1198 1074 effligere
1226 1027 1389 1074 potero?

94 1087 200 1134 Qu6t
233 1087 360 1125 modis
394 1086 651 1137 contemptus,
688 1090 860 1137 spretus!
895 1088 1005 1135 facta,
1046 1096 1236 1129 transacta
1260 1090 1413 1128 emnia!

307 1153 413 1191 hem!

94 1218 332 1269 Repudiatus
366 1218 542 1268 repetor:
583 1231 700 1268 quam
735 1220 787 1257 ob
822 1221 928 1257 rem?
969 1220 1042 1257 nisi
1077 1220 1108 1258 si
1142 1220 1180 1258 id
1213 1227 1281 1268 est,
1312 1222 1416 1271 quod

306 1282 500 1333 slispicor:

92 1341 248 1401 Aliquid
277 1350 437 1388 monstri
466 1348 597 1387 aliint:
627 1362 672 1387 ea
701 1350 886 1400 quoniam
920 1349 1064 1388 nemini
1095 1351 1249 1390 obtrudi
1276 1359 1413 1402 potest,

1241 1433 1277 1464 15
1337 1421 1413 1456 250

90 1470 172 1518 stur
196 1480 245 1519 ad
273 1492 345 1518 me.
393 1483 493 1517 MY.
513 1478 676 1530 (Aside.)
704 1479 838 1518 Oretio
863 1480 958 1519 haec
986 1493 1048 1519 me
1074 1482 1254 1520 miseram
1282 1483 1414 1520 exani-

304 1546 422 1583 mavit
451 1551 564 1583 metu.

91 1617 175 1651 PA.
206 1610 309 1649 Nam
339 1610 432 1661 quid
460 1623 534 1660 ego
563 1610 688 1648 dicam
719 1609 767 1648 de
796 1612 929 1660 patre?
969 1611 1019 1649 ah

90 1676 309 1714 Tantamne
337 1688 419 1714 rem
448 1682 528 1714 tam
558 1675 807 1726 neglegenter
835 1675 972 1725 egere!
1005 1676 1235 1727 praeteriens
1265 1677 1385 1716 modo

90 1741 148 1780 Mi
188 1741 291 1792 aptid
332 1741 459 1780 forum
500 1745 620 1779 ‘uxor
659 1742 725 1779 tibi
759 1741 984 1789 ducendast,
1020 1742 1230 1793 Pemphile,
1272 1744 1411 1783 hodie’

303 1808 437 1858 inquit,
469 1809 610 1857 ‘paraz

88 1872 165 1912 Abi
195 1873 379 1912 domum.’
419 1873 456 1910 id
489 1872 581 1909 mihi
611 1872 727 1910 visust
761 1872 887 1910 dicere
918 1873 1006 1910 ‘abi
1035 1873 1111 1911 cito
1142 1885 1188 1911 ac
1217 1874 1411 1924 suspende

301 1937 361 1977 te.'
1234 1955 1274 1977 20
1331 1943 1408 1979 255

89 1993 294 2054 Obstipui:
322 2002 465 2042 censen
495 2015 557 2041 me
586 2005 743 2041 verbum
774 2003 945 2053 p6tuisse
973 2003 1090 2042 ullum
1120 2003 1324 2055 preloqui?

89 2068 167 2108 A1'1t
204 2081 359 2108 causam
392 2069 521 2115 ullam,
553 2067 722 2118 ineptam
759 2068 893 2106 saltem
928 2068 1064 2107 selsam
1099 2069 1297 2119 iniquam?
1339 2071 1408 2109 ob-

303 2133 434 2172 metui.

89 2200 208 2249 Qued
241 2200 271 2238 si
296 2212 370 2249 ego
402 2200 602 2239 rescissem
633 2200 670 2238 id
702 2200 815 2251 prit‘is,
837 2200 928 2249 quid
963 2199 1139 2247 facerem,
1156 2201 1272 2251 siquis
1305 2214 1406 2240 nunc

302 2263 365 2302 me
398 2272 533 2316 roget:
