1548 2489
211 367 408 407 METRA
437 366 608 406 HVIVS
638 365 889 405 FABVLAE
921 366 1072 406 HAEC
1104 365 1249 404 SVNT

193 505 268 538 Ver.
288 515 301 537 1
321 505 363 537 ad
390 512 451 546 174
473 504 605 536 iambici
630 504 746 535 senarii

214 585 235 600 „
287 567 346 601 175
371 565 403 592 et
430 567 489 601 177
514 559 646 591 iambici
672 558 834 590 octonarii

214 640 236 655 ,‚
286 615 347 656 176
370 615 529 646 iambicus
553 614 776 656 quaternarius

217 695 240 710 ,‚
288 672 348 711 178
373 674 403 701 et
430 677 491 712 179
515 669 674 701 trochaici
698 667 871 710 septenarii

216 750 239 764 ‚‚
287 726 348 757 180
370 729 403 756 et
430 725 486 755 181
513 723 648 754 iambici
671 723 829 754 octonarii

215 805 237 820 ‚‚
286 780 344 812 182
369 778 553 811 trochaicus
576 778 774 820 septenarius

232 861 239 875 ‚
289 836 347 876 183
372 834 415 866 ad
442 842 500 876 195
526 833 660 865 iambici
685 834 845 864 octonarii

217 915 239 931 „
287 889 347 933 196
369 890 413 921 ad
440 891 499 931 198
524 889 657 921 iambici
681 888 798 920 senarii

218 971 238 986 ‚,
287 955 347 988 199
370 946 413 977 ad
439 954 503 986 214
526 944 660 976 iambici
684 944 844 975 octonarii

235 1027 242 1041 ‚
290 1011 350 1042 215
375 1001 418 1033 ad
444 1000 505 1032 226
529 1000 663 1031 iambici
686 999 803 1032 senarii

234 1082 241 1095 ‚
289 1064 349 1097 227
373 1056 532 1088 iambicus
556 1054 740 1086 octonarius

234 1137 241 1151 ‚
290 1112 350 1142 228
374 1112 417 1142 ad
442 1121 502 1151 233
527 1109 685 1142 trochaici
710 1110 883 1151 septenarii

234 1194 242 1207 ‚
290 1177 352 1209 234
373 1167 416 1198 ad
441 1175 501 1208 239
525 1165 658 1197 iambici
682 1165 843 1196 octonarii

234 1250 241 1263 ,
290 1234 352 1265 240
374 1228 405 1255 et
432 1233 493 1264 244
519 1221 654 1252 iambici
677 1221 871 1262 quaternarii

236 1305 242 1318 ‚
292 1288 349 1320 241
376 1283 408 1310 et
435 1287 493 1319 242
522 1275 681 1307 trochaici
704 1275 878 1316 septenarii

236 1360 243 1374 ‚
291 1344 352 1375 243
375 1332 534 1365 iambicus
558 1330 742 1363 octonarius

235 1415 242 1428 ‚
291 1398 351 1430 245
375 1393 406 1420 et
433 1395 492 1429 247
518 1384 676 1417 trochaici
701 1386 862 1416 octonarii

235 1470 243 1483 ‚
292 1443 354 1485 246
378 1442 561 1474 trochaicus
589 1440 726 1471 dimeter
748 1441 959 1473 catalecticus

237 1525 244 1538 ‚
293 1500 354 1538 248
378 1499 421 1529 ad
446 1507 504 1538 251
532 1496 689 1528 trochaici
711 1496 886 1538 septenarii

236 1579 243 1593 ,
292 1564 352 1595 25²
379 1553 538 1585 iambicus
562 1552 787 1594 quaternarius

238 1635 246 1649 ,
294 1619 354 1649 253
379 1609 422 1640 ad
449 1617 506 1648 255
534 1608 667 1639 iambici
692 1607 851 1639 octonarii

237 1690 244 1704 ‚
293 1665 353 1705 256
376 1665 420 1696 ad
445 1663 507 1695 260
533 1663 691 1695 trochaici
716 1662 887 1704 septenarii

223 1745 245 1760 „
292 1719 352 1751 261
378 1720 421 1751 ad
446 1719 507 1761 269
532 1718 669 1750 iambici
693 1718 853 1750 octonarii

238 1801 246 1814 ‚
292 1783 355 1817 270
378 1775 421 1807 ad
445 1774 507 1817 298
533 1773 667 1805 iambici
691 1773 807 1805 senarii

224 1856 246 1871 ‚,
293 1841 355 1873 299
375 1835 408 1862 et
434 1839 496 1870 300
519 1829 654 1860 iambici
677 1828 851 1870 septenarii

223 1911 245 1926 „
293 1895 353 1927 301
378 1891 410 1917 et
436 1894 496 1926 305
521 1891 552 1917 et
578 1892 639 1926 307
663 1883 820 1916 trochaici
845 1883 1004 1915 octonarii

237 1967 245 1981 ,
294 1950 354 1981 302
379 1946 412 1973 et
437 1940 498 1980 306
524 1945 555 1972 et
583 1940 645 1979 308
671 1938 828 1970 trochaici
852 1938 1026 1980 septenarii

239 2022 246 2035 ,
295 2006 356 2037 303
380 2002 411 2028 et
436 2006 499 2037 304
524 2005 585 2036 309
611 1996 653 2026 ad
677 2004 739 2034 315
765 1993 899 2025 iambici
922 1991 1082 2025 octonarii

226 2077 248 2092 ,,
294 2052 356 2091 318
380 2052 539 2083 iambicus
562 2050 705 2082 senarius

229 2133 249 2147 ,,
297 2116 358 2148 319
383 2106 425 2138 ad
449 2106 509 2146 383
533 2106 689 2138 trochaici
713 2103 883 2145 septenarii

228 2189 248 2203 ,‚
296 2164 359 2205 384
382 2163 424 2195 ad
449 2171 511 2204 393
535 2162 669 2193 iambici
693 2160 807 2192 senarii

242 2245 249 2258 ‚
297 2229 359 2260 394
383 2219 425 2249 ad
447 2226 513 2259 403
538 2217 672 2249 iambici
696 2214 854 2247 octonarii

243 2300 250 2314 ,
298 2283 360 2315 404
385 2273 428 2304 ad
451 2272 515 2314 480
538 2271 671 2303 iambici
695 2269 811 2302 senarii
