1548 2489
161 113 216 157 52
706 111 936 147 ANDRJA.
1235 115 1275 147 v.
1295 118 1323 148 4.
1340 117 1434 157 51-5.
1450 127 1480 157 9.

160 223 245 256 PA.
276 218 382 265 Qui?
418 223 479 256 SI.
511 218 617 265 Quia
649 219 763 257 habet
793 220 895 257 aliud
924 218 1047 269 maigis
1077 233 1124 257 ex
1159 232 1241 259 sese
1275 228 1312 259 et
1344 221 1480 261 matius.

375 289 460 322 PA.
491 284 597 331 Quid
626 287 742 323 nam?
774 291 836 323 SI.
866 285 1031 323 Vinctus
1059 293 1127 323 est.

160 354 244 387 PA.
274 349 397 396 Pater,
427 362 507 388 non
541 356 643 388 recte
670 352 847 388 vinctust.
905 356 968 389 SI.
998 351 1118 389 Haud
1151 351 1203 389 ita
1237 350 1339 390 iussi.
1396 357 1480 391 PA.

374 415 470 453 Iube
499 415 593 453 solvi
621 416 790 454 obsecro.
1405 421 1482 457 955

161 486 223 520 SI.
252 480 337 530 Age
367 480 449 518 fiat.
506 485 591 519 PA.
621 482 672 519 At
701 480 859 520 matura.
919 488 981 520 SI.
1010 482 1069 521 Eo
1101 483 1211 521 intro.
1270 482 1394 533 (Exit
1410 485 1484 522 into

374 546 434 583 lzz's
453 545 589 597 house.)
630 552 714 585 PA.
745 548 781 586 O
812 546 978 586 faustum
1008 555 1045 586 et
1072 547 1223 586 felicem
1251 548 1375 587 diem!

755 861 828 900 SC.
860 865 893 900 5.

483 961 781 995 CHARINVS.
837 960 1177 994 PAMPHILVS.

387 1047 598 1096 (Charinus
627 1055 752 1096 enters,
784 1062 913 1087 unseen
943 1050 987 1096 by
1016 1048 1269 1100 Pamphilus.)

162 1130 248 1164 CH.
292 1124 450 1179 (Aside.)
490 1128 648 1166 Prov5s0
678 1127 770 1177 quid
799 1134 887 1177 agat
917 1126 1160 1177 Pamphilus:
1192 1134 1307 1176 atque
1335 1124 1483 1165 eccum‘

377 1197 462 1231 PA.
492 1190 807 1244 (Solz'loquz'sz'ng.)
836 1191 985 1242 Aliquis
1013 1204 1075 1229 me
1098 1191 1256 1230 forsitan

160 1256 272 1295 Putet
301 1257 382 1296 non
412 1265 547 1309 putare
582 1258 656 1296 hoc
686 1257 840 1296 verum:
877 1264 915 1295 at
948 1257 1041 1294 mihi
1072 1269 1175 1296 nunc
1207 1257 1262 1296 sie
1294 1269 1376 1295 esse
1409 1256 1484 1295 hoe

373 1322 506 1362 verum
533 1324 647 1362 lubet.

160 1377 247 1438 Ego
278 1388 437 1428 deorum
465 1391 583 1428 vitam
612 1396 814 1440 eapropter
844 1387 1116 1439 sempiternam
1143 1401 1226 1427 esse
1255 1388 1428 1435 arbitror,

162 1454 281 1501 Quod
323 1456 537 1505 voluptates
576 1455 710 1493 eorum
755 1455 931 1505 propriae
971 1453 1082 1493 sunt:
1122 1467 1213 1492 nam
1252 1455 1306 1492 mi
1338 1455 1481 1492 inmor-

376 1520 500 1560 tzilitas
1403 1523 1481 1558 960

162 1583 320 1632 Ρέῑῐειεϊ,
351 1586 382 1624 si
411 1587 515 1624 nulla
543 1585 744 1636 aegritudo
773 1585 861 1624 huic
890 1584 1032 1636 gaudio
1062 1585 1326 1625 intercesserit.
1464 1601 1482 1633 5

164 1650 240 1689 Sed
269 1664 385 1702 quem
414 1666 488 1703 ego
522 1653 616 1690 mihi
646 1653 903 1702 potissumum
942 1659 1085 1702 optem,
1115 1653 1210 1702 quoi
1246 1664 1351 1690 nunc
1390 1650 1485 1689 haec

379 1717 542 1765 narrem,
572 1718 680 1755 dari?

165 1788 253 1822 CH.
283 1782 442 1835 (Aside.)
473 1784 583 1832 Quid
602 1784 695 1821 illud
715 1784 891 1834 gaudist?
922 1783 1019 1835 (The
1046 1785 1134 1821 door
1162 1785 1211 1835 os
1226 1783 1360 1823 Sz‘mo's
1379 1783 1486 1822 house

380 1849 512 1901 opens.)
568 1855 654 1887 PA.
684 1849 837 1887 Deivom
867 1849 989 1888 video.
1034 1848 1194 1896 nemost,
1214 1861 1331 1899 quem
1353 1850 1484 1887 malim

382 1915 577 1953 omnium:

167 1981 271 2019 Nam
298 1980 402 2019 hune
430 1982 509 2020 scio
538 1993 626 2019 mea
653 1980 775 2019 solide
803 1980 928 2019 solum
956 1980 1174 2031 gavisurum
1204 1979 1356 2032 gaudia.
