1548 2489
45 93 108 126 ΠΙ.
127 94 157 126 5.
176 94 270 126 2-18.
576 90 806 126 ANDRJA.
1307 99 1362 141 33

47 200 104 238 Mi
142 200 335 251 6btigisse,
370 198 683 249 quandoquidem
724 207 800 237 tam
841 198 951 246 iners,
987 205 1064 237 tam
1103 199 1194 237 nulli
1229 199 1363 239 cdnsili

263 277 347 304 sum
366 280 372 303 :

45 331 188 370 Servon
218 330 389 370 fortunas
418 342 522 368 meas
552 342 613 368 me
643 329 880 368 cdmmisisse
910 329 1042 369 futtili!

44 397 130 447 Ego
158 396 321 447 pretium
351 397 402 434 ob
432 395 625 434 stultitiam
654 396 756 434 fero:
796 397 863 434 sed
892 395 1053 435 inultum
1083 409 1295 447 numquam
1325 397 1364 435 id

263 460 417 500 auferet.
1287 466 1364 501 610

45 533 133 567 DA.
173 525 332 579 (Aside.)
375 526 540 565 Posthac
581 527 816 565 incolumem
862 526 918 565 sat
966 528 1046 565 seio
1094 528 1176 566 fore
1219 528 1292 574 me,
1334 529 1365 566 si

261 590 384 628 devito
413 590 488 628 h6c
517 590 671 628 malum.
1347 609 1364 640 5

46 661 130 694 PA.
171 654 274 693 Nam
314 655 407 705 quid
448 667 522 705 ego
564 668 665 693 nunc
711 654 837 692 dicam
878 656 1006 705 patri?
1050 656 1231 706 negabon
1273 656 1365 695 velle

263 719 334 768 me,
356 719 475 758 modo

47 786 125 834 Qui
154 784 239 824 sum
267 786 458 836 pollicitus
484 784 652 824 ducere?
690 798 766 836 qua
794 785 932 824 fiducia
960 787 998 825 id
1028 787 1149 825 facere
1174 786 1365 826 addeam?

50 852 134 891 Nec
163 852 257 902 quid
293 864 356 889 me
394 864 497 889 nunc
535 851 673 889 faciam
711 852 800 891 scio.
857 858 946 890 DA.
985 851 1145 904 (Aside.)
1179 852 1263 892 Nee
1303 854 1366 892 me

265 917 430 968 quidem,
462 919 574 967 atque
605 917 643 954 id
672 929 747 966 ago
776 916 923 956 sedulo.

47 981 186 1020 Dicam
215 982 358 1032 aliquid
387 995 448 1020 me
478 980 730 1027 inventurum,
761 989 802 1020 ut
832 982 919 1020 huic
949 983 1050 1021 malo
1081 984 1247 1034 aliquam
1277 997 1366 1035 pro-

262 1048 401 1086 ducam
428 1060 589 1086 moram.
1288 1054 1366 1090 615

49 1119 133 1152 PA.
173 1112 380 1168 (Calchz'ng
411 1115 513 1164 szgrht
535 1116 583 1165 os
611 1113 768 1164 Davos.)
806 1113 884 1152 Oh!
937 1121 1025 1153 DA.
1056 1114 1217 1168 (Aside.)
1250 1117 1366 1155 Visus

264 1192 359 1219 sum.
426 1186 509 1218 PA.
550 1180 636 1218 Eho
666 1179 757 1217 dum
788 1180 887 1218 bone
917 1182 981 1228 vir,
1011 1182 1102 1231 quid
1131 1184 1213 1221 ais?
1255 1183 1367 1221 viden

264 1259 326 1285 me
356 1246 428 1284 tuis
457 1246 624 1284 cdnsiliis
1330 1266 1368 1287 10

52 1310 237 1349 Miserum
267 1312 479 1362 inpeditum
508 1313 618 1350 esse?
685 1318 773 1350 DA.
814 1304 865 1350 Ᾰῑ
895 1314 969 1350 iam
1000 1314 1214 1363 expediam.
1281 1321 1364 1353 PA.

270 1377 494 1428 Expedies?
550 1383 638 1415 DA.
680 1377 803 1424 Certe,
834 1377 1044 1428 Pamphile.

51 1452 135 1485 PA.
174 1445 327 1494 Nempe
365 1442 407 1481 tit
437 1443 566 1481 modo.
634 1449 723 1481 DA.
764 1444 891 1481 Immo
921 1443 1055 1482 melius
1084 1457 1207 1495 spero.
1283 1452 1368 1486 PA.

269 1509 343 1555 Oh,
374 1510 443 1547 tibi
472 1521 545 1558 ego
575 1516 615 1546 ut
644 1509 809 1557 credam,
840 1509 1016 1549 furcifer?

52 1578 117 1616 Tu
148 1589 228 1615 rem
267 1575 476 1625 inpeditam
514 1582 551 1613 et
589 1574 779 1625 perditam
812 1577 1014 1614 restituas?
1058 1589 1120 1616 em
1149 1590 1227 1628 quo
1257 1579 1372 1618 fretus

268 1642 349 1688 sim,

53 1709 132 1756 Qui
151 1721 213 1747 me
225 1708 340 1746 h6die
355 1720 403 1746 ex
424 1708 749 1758 tranquillissuma
768 1719 808 1745 re
825 1707 1021 1746 cdniecisti
1041 1709 1080 1746 in
1100 1706 1268 1758 nuptias!
1295 1714 1372 1751 620

54 1767 118 1813 An
151 1787 230 1812 non
264 1774 341 1812 dixi
371 1786 453 1811 esse
483 1773 557 1812 h6c
585 1774 778 1812 futurum?
834 1779 922 1812 DA.
958 1773 1076 1812 Dixti.
1141 1780 1226 1814 PA.
1268 1777 1373 1825 Quid

269 1838 461 1877 meritii's?
517 1844 606 1878 DA.
637 1838 813 1877 Crucem.
1335 1860 1371 1891 15

57 1906 132 1944 Sed
161 1907 242 1944 sine
271 1905 468 1955 paululum
498 1905 547 1944 ad
575 1918 636 1943 me
666 1906 845 1944 redeam:
882 1907 957 1944 iam
987 1906 1130 1957 aliquid
1160 1908 1371 1959 dispiciam.

270 1976 353 2009 PA.
388 1972 438 2009 Ei
460 1972 564 2018 mihi,

55 2037 188 2085 Qu6m
226 2049 306 2074 non
343 2037 468 2075 habeo
498 2036 673 2087 spatium,
703 2043 743 2074 ut
782 2036 829 2074 de
867 2044 902 2075 te
943 2037 1093 2076 sumam
1132 2040 1370 2090 supplicium,

271 2100 311 2139 tit
334 2102 437 2141 volo!

57 2167 235 2217 Namque
265 2166 338 2204 hoc
369 2174 520 2218 tempus
549 2167 773 2218 praecavere
803 2167 894 2205 mihi
931 2180 1003 2215 me,
1033 2169 1136 2207 haud
1175 2177 1210 2209 te
1243 2171 1373 2212 ulcisci

273 2233 371 2272 sinit.

702 2311 727 2338 D
