1548 2489
129 97 182 147 58
677 100 908 137 ANDRJA.

262 210 340 242 Ver.
355 211 415 252 481
443 211 486 242 ad
508 211 574 251 484
597 208 766 241 bacchiaci
789 210 968 242 tetrametri
992 209 1164 242 acatalecti

284 290 305 305 ‚‚
351 266 416 306 485
439 265 601 297 iambicus
624 264 762 296 dimeter
785 265 994 297 catalecticus

287 345 307 360 ,‚
353 320 419 362 486
442 319 602 352 iambicus
624 320 766 352 senarius

286 400 306 414 ‚‚
352 375 414 417 487
438 375 482 407 ad
504 375 568 417 496
592 375 726 407 iambici
749 375 908 406 octonarii

288 456 306 470 „
354 439 418 473 497
442 434 475 463 et
498 431 563 472 498
583 430 718 462 iambici
741 430 857 462 senarii

284 511 305 526 ‚‚
351 497 415 529 499
438 487 481 518 ad
505 495 566 527 505
590 486 725 518 iambici
750 487 909 518 octonarii

286 566 308 581 ,‚
354 540 419 582 506
441 541 603 573 iambicus
625 542 826 583 septenarius

300 622 308 636 ‚
355 604 417 638 507
442 598 485 629 ad
509 606 571 639 509
595 597 729 628 iambici
753 597 911 640 octonarii

297 678 307 692 ‚
353 661 417 693 510
441 653 484 684 ad
509 662 570 693 515
597 652 753 684 trochaici
778 652 950 694 septenarii

301 733 309 747 ‚
355 715 418 749 517
442 708 627 740 trochaicus
650 708 786 739 dimeter
809 708 1018 740 catalecticus

302 788 309 802 ,
356 765 418 804 518
442 764 486 795 ad
511 773 573 804 523
597 763 757 795 trochaici
781 763 954 804 septenarii

301 843 308 856 ,
357 828 422 860 524
445 818 489 849 ad
513 828 573 859 532
599 819 734 850 iambici
759 819 876 849 senarii

302 899 308 912 ‚
357 882 419 914 533
443 874 487 905 ad
511 872 576 914 536
600 873 734 905 iambici
760 873 919 904 octonarii

287 955 309 968 ‚‚
357 936 420 970 537
444 929 604 961 iambicus
629 929 853 970 quaternarius

289 1009 309 1022 .,
356 985 420 1025 538
443 985 484 1015 ad
510 991 574 1025 574
597 984 730 1015 iambici
754 985 869 1016 senarii

302 1065 310 1078 ,
359 1047 420 1081 575
445 1039 488 1070 ad
511 1040 571 1080 581
598 1039 731 1071 iambici
755 1040 931 1081 septenarii

288 1120 309 1134 ‚‚
357 1097 418 1135 582
444 1095 485 1126 ad
511 1095 575 1136 604
598 1100 629 1126 et
654 1093 717 1125 606
743 1096 877 1126 iambici
902 1094 1061 1126 octonarii

300 1176 308 1189 ‚
355 1150 418 1191 605
442 1151 604 1182 iambicus
628 1151 855 1192 quaternarius

289 1231 308 1245 „
357 1206 419 1247 607
445 1211 477 1238 et
501 1205 563 1236 608
588 1206 746 1237 trochaici
771 1206 930 1237 octonarii

290 1286 309 1300 ‚,
357 1261 422 1303 609
444 1261 628 1292 trochaicus
651 1261 855 1302 septenarius

304 1342 312 1356 ‚
358 1317 423 1347 610
446 1317 489 1347 ad
512 1316 576 1347 620
599 1315 731 1347 iambici
755 1316 916 1348 octonarii

289 1397 310 1412 „
355 1371 416 1403 621
444 1372 485 1403 ad
510 1371 574 1413 624
597 1370 757 1403 trochaici
781 1371 953 1413 septenarii

290 1452 310 1467 ‚,
359 1426 421 1467 625
446 1427 626 1469 dactylicus
649 1431 838 1459 tetrameter
861 1426 1060 1457 acatalectus

291 1507 309 1520 ‚,
356 1482 420 1513 626
444 1483 486 1514 ad
509 1482 574 1523 634
598 1482 706 1514 cretici
735 1482 914 1513 tetrametri
938 1481 1109 1513 acatalecti

289 1564 310 1578 „
356 1538 420 1579 635
445 1539 650 1581 compositus
674 1549 712 1569 ex
737 1537 866 1569 duabus
890 1537 1067 1569 trochaicis
1091 1535 1246 1579 tripodiis
1268 1535 1467 1568 catalecticis

290 1619 314 1634 ,‚
359 1594 423 1635 636
447 1594 606 1627 iambicus
628 1594 849 1635 quaternarius

292 1676 312 1690 ‚,
359 1651 422 1691 637
446 1651 583 1683 creticus
608 1654 794 1682 tetrameter
817 1649 1016 1682 acatalectus

306 1731 313 1744 ‚
359 1704 422 1746 638
447 1706 608 1737 iambicus
632 1705 835 1746 septenarius

301 1786 310 1800 ,
357 1761 420 1802 639
445 1766 479 1793 et
503 1759 567 1802 640
590 1761 749 1791 trochaici
773 1761 946 1802 septenarii

303 1843 311 1856 ,
360 1815 419 1858 641
448 1822 479 1848 et
504 1816 565 1857 642
592 1816 727 1847 iambici
751 1816 911 1847 octonarii

304 1898 311 1911 ‚
361 1872 424 1913 643
448 1872 490 1903 ad
514 1872 578 1914 649
602 1872 760 1903 trochaici
784 1871 960 1913 septenarii

306 1953 312 1966 ‚
359 1926 423 1967 650
447 1928 490 1959 ad
513 1927 579 1968 654
603 1927 737 1958 iambici
763 1926 923 1958 octonarii

306 2008 313 2022 ‚
359 1982 420 2024 655
445 1983 488 2014 ad
511 1983 572 2014 662
600 1983 733 2014 iambici
758 1982 874 2014 senarii

305 2061 313 2073 ‚
361 2034 423 2075 663
448 2041 480 2067 et
504 2035 567 2076 664
593 2036 727 2066 iambici
753 2034 914 2066 octonarii

309 2116 315 2128 ‚
362 2090 425 2131 665
450 2092 491 2122 ad
517 2092 574 2121 681
606 2091 739 2122 iambici
766 2090 882 2121 senarii

293 2172 312 2183 ‚‚
361 2146 423 2177 682
449 2152 479 2177 et
505 2146 568 2186 683
594 2146 727 2177 iambici
753 2145 912 2176 octonarii

309 2227 315 2234 .
362 2201 425 2242 684
450 2202 491 2233 ad
518 2209 578 2242 715
606 2201 738 2232 iambici
763 2200 935 2242 septenarii

306 2281 315 2294 ,
365 2256 426 2296 716
451 2256 491 2287 ad
518 2257 581 2298 819
607 2256 739 2287 iambici
765 2255 881 2287 senarii
