1548 2489
111 99 164 137 ‘14
622 122 628 132 .
655 93 888 129 ANDRJA.
1228 98 1298 130 1.5.
1318 97 1432 139 24-46.

108 194 264 253 Aliquid
289 203 466 251 facerem,
488 210 527 241 ut
555 203 628 241 hoc
652 216 699 241 ne
721 203 897 241 facerem.
938 203 1005 241 sed
1030 216 1134 242 nunc
1151 206 1242 255 quid
1267 206 1433 256 primum

325 270 395 308 exe
426 271 522 307 uar?

109 335 188 374 Tot
235 349 298 375 me
343 282 546 386 inpcediunt
587 334 711 382 curae,
751 348 853 386 quae
898 348 1030 374 meum
1070 336 1241 376 {mimum
1281 338 1432 377 divorse

323 403 498 441 trahunt:
1284 420 1322 453 ²5
1354 408 1432 444 260

106 467 240 514 Amor,
261 468 524 506 misericordia
552 466 675 514 huius,
700 466 921 517 nuptizirum
952 467 1183 515 sollicitz'aetio,

106 532 211 571 Tum
231 533 348 584 peitris
368 533 503 584 pudor,
523 534 589 584 qui
618 532 681 572 me
706 540 787 572 tam
813 533 889 571 leni
916 532 1054 582 pessus
1077 541 1135 572 est
1155 534 1288 574 animo
1309 533 1432 587 lisque

322 599 447 638 adhuc

108 664 219 712 Quae
248 665 337 703 meo
366 678 563 715 quomque
592 665 723 703 animo
752 663 954 703 lubitumst
983 664 1121 703 faeere.
1175 666 1263 704 eine
1292 666 1368 717 ego
1392 674 1434 705 ut

322 731 528 769 advorser?
583 731 620 769 ef
648 731 761 768 mihi!

105 795 338 835 Incertumst
351 796 444 846 quid
458 808 584 846 agam.
615 800 715 834 MY.
737 793 898 848 (Aside.)
920 794 1066 834 Misera
1078 796 1196 835 timeo
1213 796 1431 836 ‘incertum'

321 862 395 901 hoc
426 874 612 912 quorsum
641 862 802 900 accidat.

105 927 181 967 Sed
210 926 314 966 minc
345 939 513 978 peropus
545 934 612 974 est,
643 926 708 965 aut
747 927 851 966 hune
883 941 972 968 cum
1003 927 1087 978 ipsa
1116 934 1180 965 aut
1209 927 1256 966 de
1279 929 1342 967 ssla
1369 942 1433 969 me

317 994 522 1031 advorsum
550 991 653 1030 hune
680 993 797 1043 loqui.
1285 1010 1326 1040 30
1356 997 1432 1033 265

103 1059 208 1098 Dum
255 1059 296 1096 in
335 1057 493 1097 dubiost
531 1058 694 1104 animus,
734 1057 850 1109 paulo
889 1064 1089 1098 momento
1129 1057 1205 1097 huc
1244 1060 1303 1098 vel
1343 1061 1434 1099 ssluc

317 1124 519 1174 inpe'llitur.

102 1195 186 1228 PA.
207 1190 404 1242 (Hearing
422 1188 581 1241 lllysis.)
602 1189 700 1237 Quis
720 1190 781 1227 hie
802 1189 996 1240 loquitur?
1035 1189 1168 1239 Mysis,
1184 1189 1297 1229 sailve.
1333 1197 1433 1230 MY.

317 1255 353 1295 O
375 1257 487 1301 salve,
509 1256 719 1305 Pamphile.
761 1261 846 1294 PA.
868 1255 973 1302 Quid
993 1256 1098 1306 agit?
1136 1261 1235 1293 MY.
1257 1256 1420 1307 Rogas?

102 1321 273 1360 Laborat
303 1335 323 1360 e
354 1322 501 1368 dolore,
523 1329 638 1371 atque
666 1321 820 1368 exrhoe
849 1322 991 1360 misera
1018 1321 1227 1367 sollicitdst,
1249 1322 1351 1361 diem

101 1388 203 1435 Quia
223 1388 317 1426 olim
337 1388 376 1426 in
397 1388 501 1426 hunc
522 1393 609 1425 sunt
630 1387 861 1425 constitutae
881 1384 1049 1436 nuptiae.
1107 1393 1187 1424 tum
1208 1394 1337 1426 autem
1358 1388 1433 1427 hoc

317 1454 437 1500 timet,
1354 1459 1431 1497 269

101 1519 162 1558 Ne
191 1519 344 1558 deseras
374 1532 425 1558 se.
474 1525 558 1558 PA.
577 1519 704 1557 Hem!
730 1531 856 1569 egone
881 1519 978 1557 istuc
1009 1519 1143 1558 conari
1171 1521 1340 1569 queam?
1392 1537 1431 1569 35

100 1586 213 1635 Egon
243 1586 401 1636 propter
430 1598 492 1623 me
522 1585 625 1622 illam
657 1585 783 1635 decipi
813 1584 994 1623 miserum
1024 1585 1162 1630 sinam,

101 1652 211 1698 Quae
241 1652 335 1689 mihi
366 1663 478 1689 suom
509 1651 681 1688 animum
710 1657 825 1701 atque
854 1650 1011 1688 omnem
1032 1650 1147 1687 vitam
1178 1649 1346 1697 eredidit,

100 1717 231 1764 Quam
263 1730 337 1767 ego
366 1717 498 1755 {mimo
527 1717 682 1765 egregie
712 1715 841 1754 cairam
871 1728 942 1765 pro
971 1727 1093 1753 uxore
1123 1713 1346 1754 habuerim?

100 1783 207 1821 Bene
237 1782 273 1821 et
304 1783 443 1833 pudice
473 1783 554 1820 eius
584 1782 742 1820 doctum
773 1788 886 1831 atque
916 1779 1098 1819 eductum
1128 1781 1252 1818 sinam

102 1848 293 1886 Cozictum
323 1855 491 1897 egestate
522 1848 723 1897 ingenium
754 1846 1008 1884 inmutarier?
1279 1862 1323 1892 40
1353 1848 1431 1886 275

99 1913 191 1951 Non
220 1913 369 1951 fficiam.
427 1917 526 1950 MY.
558 1912 676 1950 Haud
696 1924 838 1958 verear,
859 1912 890 1949 si
919 1912 958 1949 in
988 1918 1024 1949 te
1055 1912 1099 1948 sit
1128 1911 1213 1949 solo
1241 1911 1378 1949 situm:

99 1978 173 2016 Sed
195 1979 234 2016 fit
255 1980 332 2015 vim
354 1990 471 2028 queas
494 1978 598 2016 serre.
656 1984 740 2015 PA.
771 1968 911 2015 Adeon
932 1989 994 2014 me
1015 1977 1196 2026 ignavom
1217 1983 1341 2027 putas,

97 2045 236 2082 Adeon
267 2057 381 2094 porro
412 2045 605 2094 ingratum
635 2043 700 2082 aut
730 2044 987 2082 inhumanum
1017 2042 1080 2081 aut
1111 2042 1244 2088 serum,

98 2110 149 2148 Vt
179 2110 304 2159 neque
336 2123 397 2147 me
430 2109 669 2148 consuetudo
700 2122 825 2159 neque
855 2121 963 2147 amor
993 2108 1119 2158 neque
1148 2108 1273 2157 pudor

97 2176 352 2213 CommOveat
381 2188 505 2224 neque
528 2175 788 2220 commoneat,
810 2181 848 2211 ut
870 2174 1018 2213 servem
1040 2174 1187 2212 fidem?
1279 2188 1319 2219 45
1352 2175 1430 2213 280

96 2247 194 2279 MY.
226 2241 357 2278 Vnum
379 2241 452 2280 hoc
475 2241 568 2287 scio,
590 2253 673 2278 esse
695 2241 880 2285 meritam,
902 2247 942 2277 ut
963 2251 1113 2279 mernor
1132 2238 1236 2277 esses
1256 2239 1325 2279 sui.
