1548 2489
156 79 211 133 36
701 83 932 121 ANDRJA.
1211 86 1270 119 IV.
1291 88 1319 119 1.
1337 87 1431 128 41-2.
1450 94 1477 119 ι.

159 199 244 232 CH.
276 193 435 232 Factum
476 193 549 232 hoc
589 200 657 240 est,
698 193 830 232 Dave?
886 199 973 232 DA.
1011 192 1182 232 Factum.
1241 198 1328 231 CH.
1359 192 1477 239 Hem,

373 259 464 310 quid
493 253 559 307 ais,
590 259 739 298 scelus?
958 277 962 282 ·
1401 262 1478 298 665

157 325 208 363 At
237 325 304 362 tibi
334 325 372 362 di
401 325 561 374 dignum
590 324 698 363 fzictis
727 323 884 362 exitilim
914 324 1031 364 duint.

156 390 253 438 Eho,
284 391 345 428 dic
377 391 479 438 mihi,
510 391 541 428 si
571 403 705 428 omnes
734 390 837 428 hiinc
867 391 1086 429 coniectum
1115 392 1155 428 in
1183 390 1336 441 miptias

157 458 307 495 Inimici
336 457 484 504 vellent,
514 456 621 508 quod
650 457 723 494 nisi
754 457 955 495 consilium
984 457 1058 495 hoc
1088 457 1245 495 darent?

156 529 245 562 DA.
275 522 471 573 Deceptus
500 535 598 569 sum,
628 530 666 560 at
694 535 773 561 non
804 521 1038 573 defetigattis.
1098 528 1185 561 CH.
1219 522 1318 561 Scio.
1438 538 1480 570 45

157 595 245 628 DA.
278 590 368 628 Hac
396 588 477 626 non
507 589 699 635 successit,
731 587 804 626 filia
833 586 1102 638 adgrediemfir
1130 590 1214 627 via:
1403 590 1481 626 670

158 656 244 694 Nisi
272 655 312 693 id
340 661 464 705 putas,
495 655 584 704 quia
613 655 739 704 primo
767 655 952 705 processit
981 667 1128 704 parum,

159 722 251 762 Non
279 723 394 774 posse
425 723 502 760 iam
532 722 581 760 ad
611 721 773 760 samtem
803 722 976 761 convorti
1004 722 1079 760 hoc
1108 722 1264 762 malum.

159 795 244 828 PA.
275 789 402 828 Immo
432 787 571 826 etiam:
603 800 695 826 nam
725 790 815 826 satis
845 788 972 835 credo,
1003 789 1033 826 si
1057 788 1329 838 advigiffiveriS,

157 856 220 895 Ex
250 854 336 893 linis
366 855 539 904 geminas
569 854 662 891 mihi
692 855 873 892 conficies
903 853 1067 904 nliptias.
1441 869 1483 902 50

159 928 247 961 DA.
279 921 376 971 Ego,
405 920 618 970 Pamphile,
648 920 723 959 hoc
751 921 819 958 tibi
847 920 919 970 pr6
948 920 1098 959 servitio
1128 919 1264 967 debeo,
1404 921 1481 957 675

159 987 304 1027 (ἶοηέιῐί
332 987 510 1024 manibus
540 984 702 1036 pedibus
731 986 930 1037 noctisque
959 985 996 1024 et
1025 986 1117 1033 dies,
1306 991 1307 994 ’

160 1054 307 1104 Capitis
336 1052 521 1103 periclum
550 1052 666 1098 adire,
699 1052 791 1090 dum
820 1053 967 1102 prosim
995 1053 1085 1089 tibi:

161 1121 339 1166 Tuomst,
370 1118 496 1169 siquid
525 1125 674 1169 praeter
703 1130 812 1168 spem
841 1117 978 1165 evenit,
1007 1119 1061 1155 mi
1090 1118 1301 1167 ignoscere.

160 1185 301 1225 Parlim
332 1185 500 1224 succedit
530 1184 636 1234 quod
665 1197 762 1234 ago:
793 1191 831 1222 at
860 1184 959 1222 facio
989 1183 1134 1222 sedulo.
1442 1201 1482 1232 55

159 1253 233 1290 Vel
262 1251 398 1289 melius
425 1257 504 1288 tute
532 1249 665 1300 reperi,
696 1262 758 1288 me
787 1248 948 1287 missiim
978 1249 1070 1288 face.
1406 1252 1483 1288 680

161 1323 243 1356 PA.
276 1317 424 1367 Cupio:
454 1317 608 1355 restitue
637 1329 752 1366 quern
781 1315 803 1354 :i
832 1328 893 1354 me
923 1317 1108 1366 accepisti
1135 1316 1277 1354 locum.

160 1390 248 1423 DA.
279 1383 448 1422 Faciam.
505 1388 591 1423 PA.
616 1374 669 1420 Ᾰῑ
690 1383 766 1420 iam
786 1382 860 1421 hoc
881 1394 980 1432 opus
1003 1389 1070 1420 est.
1128 1387 1217 1420 DA.
1249 1380 1323 1420 Sed
1343 1385 1481 1421 manet

378 1447 604 1500 concreptiit
633 1461 655 1486 a
686 1447 864 1497 Glycerio
893 1447 1046 1486 ostium.

164 1522 247 1555 PA.
277 1515 342 1553 Nil
363 1514 412 1553 fid
441 1521 488 1553 te.
546 1520 634 1553 DA.
665 1513 889 1565 (Assumz'ng
908 1527 957 1551 an
977 1514 1127 1551 altitude
1147 1512 1284 1563 ofdeep
1304 1512 1484 1565 thought.)

383 1580 552 1627 Quaero.
610 1585 697 1618 PA.
733 1579 850 1627 Hem,
880 1578 1048 1618 mincine
1077 1579 1260 1618 demum?
1317 1584 1405 1618 DA.
1433 1579 1485 1618 At

380 1648 457 1685 iam
485 1646 561 1684 hoc
590 1646 657 1684 tibi
687 1643 887 1684 inventlim
916 1645 1031 1684 dabo.

756 1875 828 1914 SC.
860 1879 895 1914 2.

216 1972 400 2006 MYSIS.
459 1969 804 2004 PAMPHILVS.
864 1968 1166 2002 CHARINVS.
1223 1968 1419 2004 DAVOS.

163 2045 319 2095 (lWysis,
345 2044 485 2094 coming
514 2047 575 2080 out
601 2043 649 2092 (ff
665 2040 908 2090 Glycerium's
937 2042 1054 2086 house,
1085 2041 1211 2090 speaks
1239 2041 1398 2090 through
1427 2041 1486 2078 the

541 2109 627 2146 door
647 2112 679 2145 lo
704 2106 913 2156 Glycerium
933 2105 1093 2157 within.)

163 2182 261 2215 MY.
307 2176 391 2214 Iam
430 2176 495 2212 ubi
533 2173 596 2211 fibi
635 2174 716 2220 erit,
746 2171 942 2211 inventfim
984 2172 1052 2210 tibi
1082 2171 1227 2211 curabo
1258 2178 1295 2210 et
1330 2183 1483 2210 mecum

380 2240 587 2279 addfictum
